3292 4958
233 296 266 385 5]
370 338 371 341 η
461 299 502 354 De
519 297 660 353 stellarum
679 296 861 366 appellatione
878 303 907 352 et
924 297 1056 366 religione
1074 297 1195 352 Romano
1369 301 1410 366 97

232 468 303 551 sim,
324 467 518 548 ubicumque
540 471 690 535 veterum
704 466 897 533 testimonia
910 465 1084 548 proferam.
1128 467 1194 534 Sed
1208 486 1280 534 eum
1303 469 1412 537 adhue

232 570 342 638 nullus
374 574 468 636 extet
499 569 600 652 liber,
633 587 696 650 quo
727 568 833 635 fusius
863 567 1134 651 gravissimarum
1167 570 1411 652 apparitionum

232 673 424 740 caelestium
453 671 623 753 opiniones
653 676 686 738 et
719 671 851 737 nomina
878 674 914 738 et
951 671 1101 752 epitheta
1129 673 1217 754 apud
1247 672 1412 740 Romanos

232 774 331 844 obvia
360 775 500 841 oolleeta
528 778 613 856 sunt,
643 778 781 840 conatus
812 792 882 839 snm
913 792 1010 855 quam
1039 774 1181 855 plurima
1212 775 1362 857 exempla
1392 795 1412 842 a

231 877 388 944 Romanis
408 880 569 958 usurpata
584 894 769 959 congerere,
792 895 810 942 e
825 875 1041 943 monumentis
1059 876 1218 943 orationis
1234 881 1269 943 et
1284 880 1412 944 solutae

232 985 268 1046 et
281 979 421 1065 ¹pinetae
443 979 674 1062 petimusque
699 979 743 1044 ad
765 978 959 1061 scriptorum
975 979 1282 1046 'ecelesiasticorum
1304 979 1411 1046 initia.

230 1083 406 1157 Auotorum
428 1087 536 1148 autem
561 1099 640 1162 qnos
662 1080 808 1164 adhibui,
830 1080 959 1163 inspexi
982 1100 1039 1147 eas
1062 1081 1232 1165 editiones
1261 1101 1346 1163 quoe
1376 1082 1412 1147 in

230 1184 381 1252 Indioe
413 1184 621 1250 librorum
658 1203 679 1249 a
708 1183 771 1249 Fr.
798 1183 983 1250 Vollmer
1011 1183 1046 1249 in
1075 1203 1169 1250 usum
1199 1184 1412 1251 Thesauri

231 1287 409 1370 linguae
430 1285 600 1353 latinae
623 1303 708 1352 anno
724 1286 809 1352 1904
824 1287 1001 1367 composito
1016 1291 1258 1352 enumerantur.
1303 1287 1412 1354 Testi-

231 1389 340 1455 monia
351 1408 435 1470 quae
447 1407 488 1454 ex
502 1387 668 1470 lapidibus
679 1387 806 1470 collegi,
817 1386 941 1469 protuli
953 1389 996 1452 ad
1012 1387 1088 1453 (lor
1094 1408 1115 1469 p
1125 1389 1212 1455 oris
1227 1389 1411 1472 inscrip-

232 1489 391 1557 tionum
420 1490 675 1557 Latinarum
705 1490 872 1557 volumina
906 1494 941 1555 et
970 1508 1129 1556 numeros.
1179 1491 1411 1557 Recentiorum

231 1590 389 1657 librorum
426 1592 481 1673 qui
518 1591 652 1657 minoris
673 1591 829 1657 momenti
857 1591 938 1656 mihi
967 1590 1102 1657 fuerunt
1136 1611 1194 1658 suo
1223 1592 1293 1659 looo
1323 1592 1413 1660 infra

231 1698 365 1760 notatos
384 1693 545 1777 invenies,
569 1694 751 1760 uberiorem
775 1698 884 1759 autem
900 1712 992 1759 usum
1015 1693 1080 1759 feei
1101 1695 1216 1760 horum
1237 1695 1411 1761 librorum:

231 1812 449 1879 Henrieus
471 1812 717 1878 Deoimator
740 1810 1083 1878 Giffhornensis:
1105 1812 1295 1878 Mbeburde
1315 1815 1412 1879 stellis

330 1913 405 1994 fiais
419 1917 448 1976 et
462 1915 603 1978 aratiam
623 1933 687 1977 ooo
706 1918 828 1977 tautum
851 1915 1044 1992 derobernie,
1067 1934 1173 1978 oerum
1188 1917 1281 1980 eiiam
1302 1918 1344 1980 iis
1358 1919 1413 1998 qui

332 2017 369 2079 ab
389 2015 560 2080 semmua
579 2035 611 2079 se
628 2016 765 2080 vasibus
783 2021 922 2080 exerceat
941 2017 1038 2081 aidis.
1076 2018 1296 2102 Magdeburgi
1318 2020 1411 2086 1587.

230 2137 267 2202 P.
288 2137 481 2202 Joannes
499 2136 921 2217 BaptistaRiooioli:
944 2137 1160 2219 Almopeslam
1180 2157 1292 2202 aonam
1314 2143 1412 2204 osdro-

333 2240 470 2302 aomium
492 2243 619 2302 veterem
641 2258 811 2320 auramque
833 2240 1037 2321 conparans.
1081 2240 1295 2307 Bononiae
1320 2242 1412 2308 1653.

231 2358 270 2424 L.
290 2357 441 2423 Ideler
462 2376 493 2424 v.
515 2376 615 2438 snpra
637 2377 667 2438 p.
690 2362 719 2423 4.

230 2476 481 2542 Buttmann:
524 2460 604 2541 noer
640 2475 690 2539 aa
725 2475 923 2558 nemausa
956 2476 1011 2539 ur
1042 2475 1235 2540 sanarer
1265 2477 1329 2557 aas
1357 2478 1412 2541 ur

331 2577 540 2659 prieobebobea
568 2577 696 2661 Spbc'ire,
729 2577 807 2642 Aba.
838 2577 894 2641 der
919 2577 1003 2641 Kda.
1035 2576 1135 2643 Airad.
1164 2576 1220 2641 der
1252 2577 1345 2646 Wise.
1369 2601 1410 2644 aa

332 2679 448 2745 Berlin
469 2683 557 2744 1826
573 2679 683 2762 pbilos.
705 2679 820 2744 Klosse
840 2699 870 2761 p.
894 2681 935 2745 19
943 2697 1012 2760 sqq.

231 2800 269 2865 A.
289 2799 690 2880 Benene-Laeleroq
712 2818 742 2867 v.
765 2818 866 2881 supra
888 2819 919 2881 p.
941 2801 970 2864 4.

229 2918 254 2984 J
258 2937 404 2985 oannes
422 2918 597 2985 Vossius:
612 2919 1052 3003 Elpenolopdiopaaelodioue,
1072 2919 1308 2986 Amstelodami
1316 2920 1409 2986 1662.

230 3040 298 3106 Th.
319 3038 495 3122 Benfey:
523 3037 732 3103 Grebobobebes
757 3038 1010 3121 Wurzebeeieoa,
1032 3038 1147 3105 Berlin
1170 3039 1264 3106 1839.

231 3159 270 3224 Α.
292 3157 523 3224 Vaniozelr:
547 3157 927 3223 &rabbad-lateinisches
942 3157 1184 3240 etymolopisober
1201 3157 1409 3241 Wb'rterbueb

332 3260 473 3342 Leipzig
499 3261 592 3326 1877.

230 3380 269 3445 L.
290 3378 542 3445 Dbderdein:
564 3379 686 3442 aaran
707 3377 879 3459 Spuonpme
900 3376 968 3440 abd
982 3376 1205 3458 Etpmolopieu.

230 3498 270 3564 Α.
291 3496 449 3563 Friedr.
472 3498 588 3563 Pott:
610 3495 853 3578 nbpmozopbebe
873 3495 1097 3577 Forsobaapea
1119 3496 1176 3576 aut
1199 3493 1268 3560 dem
1285 3494 1409 3560 Gebieie

331 3599 388 3664 der
408 3598 578 3681 iadoperm.
600 3597 761 3682 Sproelael,
783 3599 938 3666 Detmold
961 3597 1325 3683 1859-1876‚1-V1.

231 3721 331 3789 Otto
354 3719 518 3786 Keller:
541 3718 664 3784 Ledeia.
685 3719 948 3802 Volbsetpmolopie
962 3717 1029 3783 aad
1048 3717 1250 3797 veneuntes,
1269 3717 1409 3804 Leipzig

230 3823 506 3992 eiusdelffil‘niae
526 3923 579 3988 des
599 3924 694 3989 blase.
716 3924 888 3989 Alterdums
916 3927 953 3989 io
975 3923 1324 4006 cultarpacbicbuuber
1344 3923 1407 3988 Be·

332 4027 473 4112 aiebam,
494 4027 794 4094 Innsbruek1887.

229 4148 262 4213 J.
293 4147 461 4214 Grimm:
490 4145 645 4212 Deutsobe
671 4144 872 4229 Mprbolopaie,
906 4147 1000 4210 uerte
1028 4145 1176 4228 Areopobe
1203 4145 1322 4228 decerpi
1349 4165 1407 4211 vore

333 4250 468 4316 Elard
488 4249 608 4333 Hugo
631 4250 791 4332 Meyer,
812 4249 876 4316 vol.
898 4248 1020 4331 I-III,
1042 4246 1156 4314 Berlin
1179 4249 1272 4315 1875.
