3278 4964
174 225 229 310 47]
397 226 438 278 De
456 225 596 279 stellarum
615 225 797 293 appellatione
815 231 844 279 et
860 225 993 293 religione
1010 226 1132 280 Romana
1291 229 1353 292 139

175 413 311 478 Manilio
342 412 519 478 statuimus
549 414 710 478 Romanos
740 413 869 478 illorum
899 413 1111 496 astrologiam
1141 420 1269 479 secutos
1299 433 1353 480 eos

175 515 232 596 qui
261 517 321 581 sub
345 535 425 580 caue
455 517 528 581 nati
559 521 654 581 erant
679 519 801 580 natura
823 516 955 581 fervida
981 520 1076 581 natos
1106 521 1248 596 putasse.
1300 518 1353 582 Ex

175 620 288 683 eadem
311 618 486 698 disciplina
511 618 623 683 Cicero
646 618 829 699 exemplum
852 617 1000 700 sumpsit,
1022 620 1107 699 quod
1129 621 1169 684 dc
1191 618 1250 683 fat.
1281 623 1309 685 7.
1332 622 1352 684 8

174 719 279 785 fusius
302 726 483 786 tractatur:
504 722 534 783 st
555 721 625 801 parts
647 722 762 783 oriente
784 721 926 783 cantanda
947 725 1041 784 natas
1056 726 1106 803 est,
1128 723 1163 784 tn
1186 723 1268 784 rorarr'
1289 741 1351 785 non

175 825 331 886 rnorr‘etnr.
377 823 412 888 Si
434 823 562 888 Plinius
583 824 658 888 Nat.
679 822 754 887 hist.
777 823 829 887 XI
844 825 884 888 37
908 823 1066 903 optimum
1089 842 1162 888 esse
1184 825 1247 888 mel
1269 824 1353 889 dicit

173 927 357 988 staeroetnr
377 927 455 988 strio
476 926 627 988 exoriente
655 944 787 1004 euanne
816 930 965 1004 eonarnat
994 927 1029 988 tn
1051 925 1179 988 eundern
1200 926 1290 1002 dtenr,
1318 931 1353 988 nt

172 1048 269 1110 saepe,
298 1028 423 1091 Veneres
444 1032 500 1091 ant
519 1027 602 1090 Iour's
620 1027 799 1090 Mercnn'ae
820 1031 954 1104 enortno,
978 1027 1038 1093 hoc
1060 1028 1180 1094 iterum
1204 1048 1221 1093 e
1244 1029 1352 1110 Baby·

173 1131 331 1196 loni0rum
353 1130 519 1210 sapientia
539 1130 653 1195 traxit.
697 1130 845 1194 Necnon
862 1132 949 1210 apud
971 1130 1149 1196 Firmieum
1166 1131 1351 1196 Maternum

175 1234 244 1298 eius
273 1234 416 1316 vestIgia
438 1238 577 1315 restant,
605 1233 661 1313 qui
690 1234 773 1298 haec
804 1235 843 1297 de
866 1233 950 1298 Sirio
973 1234 1058 1298 VIII
1081 1253 1148 1314 cap.
1172 1234 1205 1298 X
1233 1233 1351 1299 refert:

175 1338 359 1417 quicunqne
379 1337 433 1399 boo
462 1339 578 1399 ora'ente
602 1335 702 1399 stetere
722 1337 792 1398 nate'
818 1336 940 1416 fnerr'nt
968 1337 1131 1416 effrenatos
1159 1338 1279 1399 antnroo
1311 1335 1353 1399 aa

176 1458 263 1502 ornne
283 1438 421 1502 stndr'nrn
436 1441 628 1520 praeposteri
646 1438 801 1518 facinoris
816 1437 1024 1518 applicabant.
1070 1438 1179 1500 Erant
1200 1441 1292 1501 etiarn
1314 1438 1352 1502 ab

174 1543 259 1604 omnr‘
280 1541 483 1605 bnnranr'tatr's
503 1543 609 1622 pratia
629 1543 775 1622 separate,
805 1546 833 1603 et
855 1541 910 1620 an'
932 1539 1059 1604 libenter
1073 1543 1178 1604 onrnr'a
1194 1543 1353 1606 notenttae

175 1643 279 1707 stadia
295 1649 457 1722 sectentur,
472 1646 599 1725 tantast,
614 1643 771 1718 tracrrndr',
787 1643 947 1719 terribiles,
964 1644 1139 1706 nrr'naceset
1161 1663 1236 1724 qnos
1250 1664 1354 1708 onnes

174 1748 309 1810 bornr'neo
329 1753 357 1810 et
379 1747 498 1810 oderint
515 1749 638 1828 pariter
666 1751 694 1809 et
715 1750 851 1809 rnetnant
874 1797 881 1810 .
904 1794 911 1808 .
936 1797 942 1810 .
973 1748 1004 1809 sr‘
1024 1766 1092 1809 vero
1121 1746 1175 1809 boc
1200 1746 1289 1810 cidara
1316 1749 1352 1810 r'n

175 1868 282 1913 oceane
302 1851 401 1930 fuerat
423 1851 578 1912 tnoentarn
601 1854 629 1912 et
652 1860 676 1923 ἆ
697 1853 752 1912 ant
777 1850 812 1910 r‘n
834 1849 899 1929 ipso
922 1849 984 1911 Ioco
1003 1849 1112 1929 faerr‘t,
1136 1901 1143 1914 .
1167 1898 1174 1912 .
1198 1901 1205 1914 .
1227 1870 1248 1911 a
1270 1851 1353 1930 tnpr's

174 1951 368 2016 comedentur
382 1957 438 2015 arat
459 1973 479 2015 a
498 1953 669 2015 acanthus
689 1953 736 2015 oet
754 1952 834 2031 ferte
849 1950 993 2031 ammirati
1012 1953 1107 2014 attarn
1128 1972 1219 2014 srrnrn
1241 1954 1352 2015 rnrsna

175 2055 358 2118 laceratione
378 2059 564 2117 eonsnnrent.

259 2157 415 2222 Videmus
445 2157 548 2237 igitur
582 2156 707 2237 priseos
730 2157 892 2221 Romanos
932 2156 1095 2221 aestivam
1124 2157 1255 2221 stellam
1292 2175 1351 2237 pro

174 2260 331 2323 daemone
354 2259 462 2338 specie
484 2259 653 2324 caniculae
680 2258 775 2324 ruitae
796 2258 919 2324 vestito
941 2258 1103 2340 habuisse,
1133 2278 1227 2339 quem
1251 2259 1351 2324 sacri·

175 2358 258 2423 ficiis
279 2359 405 2424 idoneis
428 2361 558 2439 placere
580 2361 769 2442 studebant,
792 2367 940 2441 posteros
967 2366 1076 2425 autem
1098 2365 1219 2426 natura
1241 2380 1350 2426 rerum

174 2461 291 2526 melius
314 2462 445 2543 cognita
467 2467 577 2528 tamen
601 2468 748 2528 exortum
776 2463 846 2528 eius
876 2468 914 2528 ut
943 2463 1128 2528 hominibus
1157 2463 1351 2544 pestiferum

174 2563 331 2630 timuisse.
376 2563 447 2646 Quo
469 2565 523 2646 fit,
553 2571 590 2630 ut
619 2567 809 2646 plerumque
839 2567 928 2646 apud
950 2567 1112 2631 Romanos
1143 2566 1271 2631 stellam
1303 2566 1351 2631 ibi

173 2672 454 2733 commemoratam
477 2667 691 2751 inveniamus,
715 2669 772 2734 ubi
794 2669 921 2749 poetice
951 2669 1181 2734 describantur
1213 2669 1352 2734 aestatis

173 2770 381 2835 incommoda.
425 2770 522 2836 Locis
551 2770 722 2851 permultis
748 2770 814 2836 iam
837 2790 937 2850 supra
966 2771 1077 2836 allatis
1108 2773 1228 2837 addere
1258 2771 1353 2838 iuvat

173 2891 205 2937 v.
220 2890 246 2937 c.
267 2872 369 2937 Statii
385 2871 463 2938 Silv.
479 2873 496 2937 I
512 2875 540 2955 3,
563 2874 599 2938 5:
623 2873 723 2936 calido
746 2875 872 2937 latravit
887 2873 992 2936 Strtns
1006 2879 1098 2956 astro,
1120 2875 1163 2939 ib.
1178 2874 1213 2938 H
1230 2876 1257 2956 1,
1273 2876 1351 2939 216:

173 2974 337 3055 implacido
346 2976 446 3039 tetatrs
453 2974 672 3060 serenante)
687 2976 806 3041 Nautis
818 2995 882 3042 non
894 2995 1022 3058 semper
1033 2996 1093 3042 usu
1104 2977 1207 3042 fuisse
1218 2977 1352 3043 videtur

173 3077 339 3142 caniculae
363 3078 565 3143 observatio:
588 3097 685 3144 unum
707 3084 838 3143 tantum
861 3080 966 3143 locum
988 3079 1101 3161 habeo,
1129 3098 1191 3160 quo
1214 3080 1274 3145 hoc
1297 3081 1351 3146 de-

173 3183 382 3261 monstretur,
404 3180 533 3245 Aetnae
556 3179 709 3246 carmInis
736 3200 767 3246 v.
787 3180 971 3264 arasque:

328 3300 413 3365 scire
436 3300 510 3366 vias
533 3300 632 3365 maris
656 3305 690 3364 et
714 3299 798 3365 caeli
820 3301 1010 3380 praedIcere
1033 3317 1147 3365 cursus

328 3421 390 3482 quo
413 3408 508 3469 vocet
531 3401 639 3485 Orion,
662 3421 725 3482 quo
748 3401 853 3467 Sirius
877 3403 1018 3467 excubet
1039 3401 1135 3484 ignis,

258 3538 397 3604 Praeter
424 3544 538 3621 poetas
569 3545 677 3605 autem
716 3539 821 3619 ipsum
859 3539 1011 3619 populum
1048 3537 1207 3603 minutum
1238 3538 1351 3604 varlas

173 3640 424 3721 superstitiones
448 3643 489 3706 de
511 3642 608 3706 stella
629 3640 748 3706 canina
770 3640 891 3706 fovisse
910 3640 1138 3723 intelleximus,
1159 3659 1241 3720 quas
1256 3640 1350 3705 Chal-

172 3744 328 3808 daeorum
350 3744 530 3825 astrologia
552 3748 667 3808 auctas
690 3745 746 3809 diu
768 3743 987 3824 permansisse
1010 3749 1062 3809 est
1083 3743 1248 3809 credibile.

262 3913 280 3982 ¹)
299 3930 325 3968 v.
344 3915 427 3969 etiam
445 3913 506 3968 Sen.
530 3913 563 3967 de
581 3912 689 3967 Corsica
713 3930 738 3969 v.
757 3915 774 3967 6
798 3913 884 3981 (Pam
901 3913 942 3970 IV
966 3913 1025 3982 56);
1044 3913 1140 3970 uvion.
1164 3915 1193 3968 ΙΙ
1214 3912 1272 3966 728.
1291 3912 1349 3966 750.

260 3998 280 4068 ¹)
298 4016 323 4054 v.
343 3999 488 4054 Sudhausii
505 3999 726 4054 commentarium
746 3999 859 4069 (Teubn.
879 4000 956 4069 1898)
975 4016 1001 4067 p.
1021 3998 1079 4052 136.
