3292 4958
312 285 374 350 110
762 281 912 337 Guilelmus
930 281 1036 336 Gundel
1432 283 1488 371 {18

309 472 422 520 norum
444 457 580 534 nepotes
602 452 659 533 qui
679 451 776 518 hodie
798 456 875 517 sunt
893 451 1005 532 populi
1028 452 1150 518 nullam
1168 453 1332 533 praebent
1350 452 1489 520 similem

309 575 421 624 vocem
443 574 484 621 ex
497 555 606 619 iubare
620 553 813 636 derivatam,
830 573 895 634 qua
909 554 1008 619 stella
1022 554 1141 619 diurna
1159 553 1374 636 significatur.
1397 557 1488 639 Quae

309 658 448 725 nominis
462 657 555 721 iubar
569 656 689 726 obliuio
705 656 740 723 in
756 655 827 722 dies
842 675 879 722 eo
897 659 996 722 aucta
1019 660 1079 738 est,
1101 658 1187 737 quod
1202 657 1308 723 altera
1326 661 1488 738 quaedam

309 781 375 828 vox
394 762 500 827 locum
522 760 592 827 eius
613 761 798 841 occupavit,
822 777 937 840 nempe
960 759 1123 839 lucifer.

394 863 582 946 Lucifer,
605 863 664 928 cri:
687 863 723 928 iu
739 861 837 928 huius
853 861 1085 943 appellationis
1100 866 1209 944 etymo
1224 881 1288 928 non
1304 883 1488 947 commoror,

310 967 430 1048 quippe
459 967 543 1046 quod
572 965 646 1030 luae
675 963 797 1030 clarius
830 965 885 1030 sit.
935 965 985 1030 De
1019 963 1151 1030 notione
1181 965 1251 1031 eius
1280 965 1366 1032 idem
1395 967 1488 1035 valet

309 1070 395 1149 quod
416 1070 459 1133 ad
480 1067 573 1131 iubcr
593 1085 694 1149 supra
713 1085 788 1149 pag.
805 1068 844 1132 17
861 1066 1100 1149 adnotavimus
1122 1066 1179 1133 ubi
1202 1067 1364 1148 duplicem
1385 1069 1487 1134 inter·

308 1170 461 1252 pretandi
483 1169 643 1235 rationem
665 1170 852 1251 statuimur,
874 1188 972 1249 quam
987 1169 1048 1234 hoc
1069 1170 1139 1234 loco
1161 1169 1227 1235 iam
1249 1172 1336 1251 apud
1357 1175 1486 1236 veteres

309 1272 504 1339 invenimus
547 1272 665 1337 Altera
680 1291 722 1338 ex
737 1277 834 1354 parte
848 1271 977 1337 Plinius
991 1276 1069 1354 stat,
1092 1271 1147 1353 qui
1164 1271 1245 1337 dicit
1260 1273 1300 1337 N.
1314 1272 1355 1337 H.
1377 1273 1485 1338 1136:
1592 1312 1594 1314 -

309 1380 382 1439 aule
403 1376 590 1439 mutuliuuru
605 1375 745 1438 euuricru
759 1373 886 1454 luciferi
907 1393 1018 1437 ucmeu
1039 1375 1153 1455 accepit
1175 1379 1210 1438 ut
1223 1375 1269 1438 acl
1289 1374 1369 1438 ullcr
1389 1373 1485 1438 dieu

308 1498 367 1560 que
400 1476 602 1561 uuiurcua.¹)
653 1476 778 1543 Contra
807 1476 991 1556 Isidorusb
1020 1482 1116 1557 putat
1144 1476 1485 1563 (Orig.11170‚18)÷

308 1581 422 1662 lucifer
442 1580 543 1645 dicitu
556 1600 598 1664 co,
620 1579 703 1664 quod
719 1582 802 1644 iuter
816 1581 921 1643 omuiu
934 1578 1037 1643 sideru
1047 1580 1123 1662 plue
1137 1580 1235 1643 lucem
1250 1579 1343 1660 ferai.
1375 1580 1486 1661 Ipsum

308 1684 500 1751 vocabulum
523 1684 663 1764 primum
685 1682 721 1748 ni
744 1683 844 1748 fallor
857 1681 982 1764 legitur
997 1685 1087 1763 apud
1101 1682 1312 1764 Pomponium
1328 1682 1488 1766 (onmium.

308 1787 399 1853 Rom.
421 1786 537 1867 fragm.
560 1786 631 1852 coll.
653 1785 768 1851 Riihl
798 1804 829 1851 v.
853 1785 922 1869 74);
951 1787 987 1848 c’u
1014 1786 1094 1849 caclo
1113 1785 1211 1866 sulpit
1228 1790 1358 1867 prepter
1380 1787 1487 1851 lurum

310 1889 432 1968 lucifer.
482 1888 656 1953 Proximus
686 1887 797 1952 Cicero
836 1890 930 1953 docet
967 1889 1007 1952 de
1035 1892 1103 1953 nat.
1133 1890 1219 1954 deor.
1240 1888 1276 1953 Π
1306 1890 1364 1955 53:
1398 1889 1488 1952 uella

315 1991 449 2073 Veueriu
470 2009 550 2070 puae
563 1988 742 2074 Φωσφόρος
758 1988 882 2073 Graece,
896 1990 1027 2070 Lucifer
1041 1990 1153 2053 Laiiuc
1173 1989 1298 2068 dicilur,
1315 2010 1384 2054 curu
1401 1995 1486 2056 cuic-

307 2092 452 2176 9rcdilur
465 2093 566 2158 colcu.
599 2091 664 2173 Qui
678 2093 767 2158 locus
782 2091 812 2157 is
827 2091 929 2157 fuisse
940 2092 1082 2173 videtur,
1098 2093 1154 2173 qui
1169 2093 1207 2158 L.
1223 2093 1396 2159 Preller
1418 2112 1487 2159 sus-

309 2196 469 2278 picionem
480 2194 695 2280 movit(Rduc.
708 2194 855 2276 Murum
868 2196 1379 2278 328)hancvocemn0nindeab
1392 2195 1487 2262 initio

310 2300 526 2364 Romanorum
549 2298 716 2379 propriam
738 2296 850 2380 fuisse,
870 2299 927 2363 sed
941 2303 1056 2379 postea
1077 2301 1205 2363 tantum
1222 2301 1266 2363 ad
1288 2298 1486 2365 Graecorum

309 2401 492 2483 exemplum
514 2400 705 2484 confectam,
734 2419 820 2482 quae
850 2400 958 2482 opinio
987 2400 1066 2466 licet
1093 2419 1131 2466 eo
1159 2400 1376 2483 confirmetur,
1402 2403 1487 2483 quod

308 2524 409 2587 snpra
423 2524 499 2586 pag.
511 2505 551 2570 17
568 2506 609 2571 de
621 2504 749 2582 veteris
762 2503 854 2570 illius
865 2504 955 2570 vocis
975 2502 1068 2567 iubar
1082 2503 1324 2585 significatione
1336 2502 1487 2586 diximus,

308 2614 421 2675 tamen
449 2608 636 2675 necessario
671 2607 838 2688 luciferum
872 2626 890 2672 e
919 2607 1044 2672 Graeco
1073 2606 1222 2672 converti
1251 2606 1404 2673 debuisse
1432 2609 1487 2672 de·

309 2717 494 2776 monstrare
514 2729 609 2776 nemo
630 2709 761 2790 poterit.

394 2811 538 2892 luciferi
569 2810 708 2877 nominis
742 2810 816 2877 fata
844 2813 959 2876 eadem
988 2809 1059 2876 fere
1089 2810 1223 2876 fuerunt
1252 2830 1337 2891 quae
1364 2813 1487 2894 respui.

219 2989 221 2992 v
309 2913 356 2979 Ut
384 2932 559 2995 vesperum
595 2915 637 2979 ad
667 2912 908 2995 vespertinum,
937 2913 984 2978 sic
1012 2912 1185 2978 luciferum
1215 2915 1259 2979 ad
1290 2915 1487 2980 matutinum

308 3021 438 3096 tempus
461 3019 496 3080 et
517 3014 593 3081 inde
615 3017 657 3081 ad
681 3021 787 3081 totum
818 3015 902 3081 diem
930 3014 1130 3080 referebant.
1174 3015 1274 3082 Cuius
1304 3015 1354 3083 rei
1382 3035 1487 3098 panca

308 3123 439 3184 tantum
469 3117 605 3183 afferam
634 3119 793 3200 exempla.
825 3117 975 3184 Tibullus
997 3118 1015 3182 I
1037 3119 1066 3200 3,
1089 3119 1131 3184 94
1160 3123 1263 3200 optat,
1292 3124 1330 3184 nt
1358 3121 1488 3184 Aurora

308 3221 453 3284 uiiecucru
476 3219 642 3300 luciferum
663 3221 760 3285 roscio
779 3224 879 3302 portet
904 3221 990 3300 equis
1012 3224 1047 3285 et
1068 3219 1206 3287 Ovidius
1236 3222 1326 3288 Fast.
1348 3222 1403 3288 HI
1425 3223 1486 3286 772

308 3322 447 3406 quaerit„
463 3341 565 3403 quare
579 3328 659 3407 toga
675 3326 774 3390 detur
788 3323 918 3405 lucifero
932 3323 1052 3404 pueris,
1069 3322 1198 3407 Bccclcc,
1213 3328 1275 3392 iuc.
1310 3326 1485 3406 Postquam

310 3431 421 3493 autem
442 3426 616 3492 luciferum
647 3431 682 3492 et
701 3446 876 3509 vesperum
898 3427 1035 3492 eundem
1065 3445 1137 3492 esse
1166 3427 1403 3495 intellexerunt
1424 3429 1487 3494 Ro·

307 3529 411 3613 mani,
449 3529 542 3595 illum
578 3530 713 3611 saepius
743 3529 809 3611 ita,
847 3534 885 3595 nt
918 3530 1005 3594 hunc
1033 3527 1276 3614 significarent,
1312 3531 1486 3611 ponebant

308 3631 409 3698 Cuius
423 3630 474 3697 rei
486 3632 635 3714 exempla
656 3632 692 3697 in
707 3631 821 3713 primis
839 3633 927 3713 apud
941 3631 1144 3698 chalcidium
1159 3631 1273 3701 inveni
1290 3631 1385 3717 (Pina
1399 3631 1485 3696 Pur.

308 3754 338 3816 p.
349 3734 439 3815 381),
450 3733 567 3800 Gomm.
580 3753 605 3799 c.
617 3736 668 3818 66,
683 3735 754 3817 110,
764 3734 848 3815 124).
871 3733 1025 3814 Plerique
1037 3739 1147 3802 autem
1158 3733 1298 3801 Romani
1308 3731 1485 3812 scriptores

309 3834 483 3902 luciferum
505 3855 633 3918 semper
654 3854 713 3918 pro
740 3835 924 3918 phosphoro
953 3838 1126 3918 ponebant.
1170 3837 1266 3902 Unde
1287 3836 1348 3900 hoc
1369 3851 1485 3899 nomen

396 4006 414 4075 ¹)
433 4007 501 4061 (lum
513 4005 603 4060 Plinio
617 4004 686 4061 iecit
703 4004 821 4060 scholion
834 4006 967 4074 quoddam
980 4006 1060 4062 Arati
1072 4007 1188 4062 latinum
1200 4004 1242 4073 (n.
1260 4003 1373 4059 Maass
1390 4019 1484 4058 comm

307 4091 336 4146 in
354 4090 432 4146 Aret
450 4091 498 4146 rel.
516 4107 542 4159 p.
561 4091 631 4160 274).

307 4277 363 4331 pag
389 4175 597 4317 gilffidiiidom
614 4182 648 4232 ut
665 4177 735 4232 solet
758 4193 808 4232 sua
830 4177 923 4232 hausit
940 4178 1098 4245 Anonymus
1121 4177 1155 4230 de
1178 4181 1302 4243 computo
1319 4175 1376 4230 loco
1402 4191 1485 4244 snpra
