3278 4964
276 367 339 433 142
726 362 876 417 Guilelmus
895 361 1001 416 Gundel
1397 359 1458 448 [50

275 555 353 603 ursa
382 536 527 617 reliquas
558 535 679 600 stellas.
723 533 774 598 De
804 533 866 597 hac
899 552 935 598 re
965 531 1062 612 iufra,
1095 530 1152 598 ubi
1175 533 1215 596 de
1244 530 1455 612 opinionibus

274 640 397 721 loquar,
419 639 525 704 fusius
549 635 683 720 agam.1)

359 740 659 821 Arctophylax,
684 740 761 801 -octs
776 757 847 819 gen.
863 757 918 803 m:
941 756 1057 803 nomen
1074 734 1279 822 ἀρκτοφύλαξ
1303 755 1323 802 a
1347 737 1450 818 poetis

275 845 474 912 Graecorum
497 842 672 924 dactylicis
690 841 903 906 adinventum
927 839 1067 921 videtur,
1089 858 1129 904 ne
1146 858 1275 919 semper
1297 839 1451 920 graviore

274 966 353 1012 voce
377 945 554 1027 spondiaca
577 942 748 1027 ἀρκτοῦρος
770 947 950 1008 uterentur.
994 942 1132 1024 Primus
1166 946 1323 1021 quantum
1346 942 1451 1025 viden,

274 1051 399 1114 Aratus
422 1048 508 1113 hanc
530 1046 783 1127 appellationem
806 1044 959 1110 adhibuit
982 1045 1116 1130 (Phaen.
1139 1046 1202 1128 92),
1233 1050 1338 1110 totum
1361 1045 1453 1110 sidus

275 1151 450 1232 designare
479 1149 623 1229 cupiens.
681 1149 776 1213 Unde
805 1148 859 1230 fit,
889 1153 927 1211 ut
957 1167 977 1212 a
1005 1147 1158 1212 Romanis
1190 1166 1315 1228 quoque
1346 1147 1456 1228 poetis

275 1256 461 1335 usurpetur,
483 1251 541 1316 ubi
563 1253 603 1316 de
626 1251 732 1316 sidere
755 1256 867 1332 agunt.
912 1251 1042 1315 Primus
1073 1269 1182 1315 eorum
1206 1250 1318 1316 Cicero
1343 1256 1394 1316 est
1416 1251 1453 1316 in

205 1366 221 1415 e
274 1355 418 1437 Arateis,
439 1374 469 1422 v.
493 1373 517 1418 c.
540 1353 636 1436 frgm.
662 1355 709 1435 16,
727 1355 743 1417 l
762 1355 860 1418 :de
882 1358 948 1417 nat.
974 1355 1058 1418 deor.
1080 1353 1116 1418 ΙΙ
1140 1354 1217 1418 109;

424 1456 651 1538 Arctophylax
673 1456 772 1538 vulgo
795 1455 851 1536 qui
875 1455 995 1520 dicitur
1018 1474 1090 1520 esse
1114 1456 1239 1520 Bootes.

359 1560 409 1625 De
445 1559 581 1640 reliquis
610 1559 707 1623 huius
736 1558 875 1623 nominis
904 1556 1016 1622 formis
1048 1563 1081 1622 et
1105 1557 1301 1623 testimoniis
1331 1559 1451 1624 iterum

275 1666 317 1728 ad
333 1664 428 1728 Thes.
443 1662 522 1743 ling.
537 1663 594 1726 lat.
606 1662 717 1743 relego
733 1662 795 1726 vol.
810 1661 845 1725 II
857 1660 958 1744 470.²)
989 1661 1132 1741 Cumque
1150 1663 1237 1741 apud
1252 1666 1365 1741 poetas
1381 1661 1451 1727 fere

274 1767 358 1831 solos
371 1765 558 1847 reperiatur
569 1765 652 1829 haec
664 1782 736 1846 vox,
752 1783 816 1828 non
827 1763 948 1845 dubito,
964 1764 1041 1843 quin
1054 1782 1112 1844 per
1122 1762 1233 1843 poesin
1245 1781 1280 1828 se
1292 1763 1327 1828 in
1339 1782 1451 1829 recen·

274 1867 392 1933 tiorum
424 1867 554 1949 linguas
585 1866 820 1946 introduxerit,
850 1885 986 1946 quarum
1015 1866 1139 1930 habent
1168 1865 1320 1946 Hispana
1341 1865 1456 1930 Arctd·v

272 1968 358 2052 filum,
384 1968 635 2050 Francegallica
657 1968 876 2049 Arctophylaca,
902 1968 990 2033 ltala
1013 1968 1204 2048 Arctosilocc.

360 2072 455 2136 Hanc
468 2071 718 2150 appellationem
732 2070 942 2150 compositam
955 2089 1026 2136 esse
1038 2090 1097 2152 per
1109 2069 1217 2155 ἀρκτο-
1230 2077 1264 2136 et
1276 2070 1382 2155 φύλαξ
1392 2091 1458 2152 per

274 2193 308 2240 se
320 2178 423 2256 patet.
447 2173 556 2254 Quare
569 2174 609 2238 de
621 2171 800 2253 veriloquio
812 2171 894 2236 nihil
907 2174 1090 2237 addendum
1103 2180 1160 2239 est.
1176 2174 1227 2239 De
1239 2175 1329 2254 quali
1341 2181 1451 2240 autem

274 2295 371 2342 ursae
387 2275 534 2341 custodia
549 2280 680 2341 veteres
696 2275 918 2356 cogitaverint
933 2275 1021 2340 intra
1032 2276 1125 2341 nobis
1137 2277 1203 2342 erit
1215 2278 1451 2358 explicandum.

360 2379 524 2461 Bootes,
547 2398 597 2442 -ce
619 2378 672 2444 vel
696 2397 740 2441 -cs
761 2397 833 2460 gen.
857 2377 943 2462 m.³):
967 2379 1147 2460 appellatio
1167 2379 1244 2445 item
1268 2399 1309 2446 ex
1332 2400 1453 2464 graeco

274 2501 421 2549 sermone
443 2482 578 2563 hausta,
612 2481 711 2546 obvia
733 2482 871 2562 primum
902 2483 989 2562 apud
1020 2482 1195 2547 Homerum
1226 2482 1295 2567 (Od.
1319 2483 1349 2549 V
1371 2486 1449 2551 272:

275 2583 339 2669 ὀψὲ
360 2582 474 2648 δύοντα
503 2584 656 2669 Βοώτην),
690 2603 772 2665 quae
804 2584 880 2664 quia
911 2589 1022 2665 aptam
1056 2585 1240 2650 hexametri
1270 2587 1450 2652 clausulam

274 2689 456 2770 efficiebat,
492 2691 628 2767 accepta
658 2691 708 2751 est
738 2688 780 2752 ab
810 2688 911 2752 Arato
942 2688 1076 2770 (Phaen.
1109 2688 1163 2772 92)
1202 2693 1236 2753 et
1264 2707 1323 2769 per
1351 2690 1454 2755 Arati

274 2790 473 2870 interpretes
495 2792 538 2853 ad
560 2788 698 2853 Latinos
721 2788 881 2871 pervenit,
911 2807 1045 2869 quorum
1067 2795 1185 2870 poetae
1216 2795 1250 2856 et
1281 2790 1346 2872 ipsi
1374 2792 1456 2858 inde

274 2910 294 2956 a
313 2890 468 2956 Cicerone
491 2891 597 2973 (Arat.
611 2890 632 2955 1.
643 2890 676 2974 l.)
697 2909 800 2970 usque
819 2893 862 2955 ad
878 2891 1094 2957 Claudianum
1110 2893 1207 2975 (XXI
1224 2894 1298 2979 123)
1321 2913 1453 2962 versum

274 2994 397 3059 Bootae
419 2993 548 3057 nomine
571 2992 724 3058 claudere
747 2992 940 3058 didicerunt.
984 2995 1031 3060 Ut
1054 2996 1195 3060 Homero
1216 3000 1250 3062 et
1269 2999 1381 3080 Arato,
1404 2997 1452 3062 sic

274 3094 429 3161 Romanis
452 3095 616 3175 plerisque
631 3094 694 3160 hac
709 3114 788 3162 voce
801 3095 900 3179 sidus
922 3114 985 3161 non
1002 3098 1100 3163 stella
1116 3098 1330 3181 intellegitur,
1349 3098 1452 3165 solum

274 3197 462 3264 Martianus
482 3196 617 3278 Capella
639 3198 722 3262 VIII
745 3199 807 3264 832
831 3204 866 3263 et
888 3199 1034 3264 Isidorus
1058 3202 1097 3266 de
1120 3206 1187 3266 nat.
1211 3221 1273 3267 rer.
1295 3201 1410 3267 XXVI
1429 3202 1451 3266 5

272 3300 384 3365 Bootc's
399 3300 469 3367 sive
484 3299 612 3364 Bootcm
627 3301 747 3364 stellam
766 3307 1024 3385 commemorant,
1048 3321 1145 3383 quam
1160 3302 1194 3368 in
1210 3304 1451 3387 Arctophylaca

272 3403 390 3484 posuit.
434 3404 603 3469 Interdum
626 3403 736 3487 etiam,
767 3406 851 3485 quod
883 3423 923 3470 ex
945 3405 1088 3471 Arcturo
1119 3424 1191 3470 cum
1221 3425 1300 3473 ursa
1329 3407 1462 3473 maiore

274 3506 406 3574 confuso
435 3507 641 3589 sequebatur,
674 3508 862 3573 habebatur
891 3527 949 3589 pro
979 3526 1057 3574 ursa
1090 3508 1222 3574 minere.
1274 3509 1373 3575 Cuius
1402 3509 1457 3576 rei.

361 3660 381 3727 ¹)
399 3659 457 3713 Iam
482 3660 526 3712 hie
549 3665 641 3714 tamen
665 3659 765 3714 reicere
789 3660 865 3714 lubet
888 3660 1050 3715 Buttmanni
1074 3661 1255 3716 coniecturam
1278 3663 1451 3717 artificiosam

273 3744 354 3799 nimis
373 3751 401 3798 et
419 3744 617 3813 excogitatam:
641 3744 705 3798 Deo
728 3744 940 3798 Bureaoucoar
958 3745 1022 3799 ohcr
1039 3749 1144 3800 canuto
1168 3763 1235 3800 more
1259 3746 1350 3802 diesen
1369 3749 1452 3802 Stcru

273 3829 342 3884 ohne
365 3829 478 3897 chiscl
504 3846 560 3883 nar
584 3845 635 3884 oua
659 3829 733 3884 cicer
754 3830 927 3898 proltt'cchao
957 3831 1068 3901 Ursuch,
1095 3832 1230 3886 uclcmlich
1253 3834 1314 3888 wcc'l
1337 3851 1366 3887 cr
1392 3833 1459 3888 deno.

278 3915 434 3984 Unycc'e'bteo
452 3914 549 3984 dicate,
568 3914 611 3969 dc'c
628 3914 687 3970 dom
702 3915 817 3983 Schc‘ffer
835 3931 864 3970 ao
882 3916 1024 3986 wichtc'yeo
1035 3918 1130 3972 Bdrcrc
1148 3918 1249 3973 schocll
1267 3918 1452 3987 cufruyindcrc.

361 4001 381 4067 2)
400 4001 494 4068 Neque
520 4016 608 4055 moror
630 4001 659 4054 in
682 4001 738 4055 levi
762 4001 896 4056 scribendi
920 4003 1034 4057 rationis
1060 4003 1202 4073 varietate,
1228 4005 1305 4060 velut
1328 4006 1453 4060 Arcto-

273 4085 400 4153 philax
413 4086 518 4153 (Arion.
531 4087 624 4140 1125?
642 4092 670 4139 et
688 4086 768 4140 schol.
782 4086 871 4141 Germ.
884 4089 962 4143 Aret.
984 4106 1008 4156 p.
1023 4089 1080 4157 114,
1095 4089 1127 4141 19
1134 4089 1166 4157 Β)
1180 4095 1228 4144 aut
1241 4090 1453 4158 Arctotylax

274 4170 358 4238 (Serv.
377 4170 406 4223 in
424 4171 508 4239 Verg.
527 4171 625 4240 Georg.
644 4172 727 4239 167).

273 4340 282 4395 1
361 4255 381 4324 3)
399 4256 575 4394 Βὲθείῃςηῆε
592 4258 689 4313 formis
704 4258 784 4318 huius
801 4258 876 4347 vocis
891 4260 963 4328 apud
975 4260 1110 4314 Romanos
1123 4259 1209 4316 obviis
1222 4278 1246 4315 v.
1265 4261 1453 4317 Sniehotta

285 4382 290 4394 .
309 4342 327 4395 l.
346 4357 409 4410 pag.
464 4383 469 4395 .
683 4346 686 4355 '
