3292 4958
233 381 295 446 118
683 378 834 433 Guilelmus
853 377 960 432 Gundel
1356 375 1413 464 [26

233 550 329 616 Hanc
347 550 531 632 vulgarem
564 548 763 630 opinionem,
799 547 880 612 licet
907 546 1061 629 primitus
1097 546 1151 612 vel
1180 545 1330 612 Romana
1360 549 1415 614 vel

234 652 363 720 Graeca
385 653 439 719 vel
461 656 672 731 utrorumque
704 648 822 731 fucrit,
850 653 966 730 postea
988 648 1181 714 Latinorum
1211 653 1329 730 poetae
1358 667 1414 716 ex·

234 755 412 822 coluerunt.
455 751 627 834 Exemplis
642 770 743 833 supra
758 751 869 818 allatis
884 753 1001 817 addam
1017 750 1160 817 Statium
1175 751 1254 817 Silv.
1276 751 1312 817 H
1326 753 1355 832 6,
1373 753 1414 816 79

234 862 268 924 11
291 856 505 923 Claudianum
527 855 660 920 XXXV
683 856 753 933 121,
776 854 832 934 qui
852 853 1000 920 Luciferi
1022 859 1177 918 rorantem
1207 872 1324 935 equum
1357 873 1413 920 no·

234 964 364 1027 verunt.

320 1077 385 1143 Sed
413 1078 585 1142 redeamus
615 1078 658 1142 ad
688 1076 827 1157 Vesperi
858 1081 891 1141 11
921 1075 1068 1141 Luciferi
1101 1076 1251 1142 nitorem.
1301 1077 1413 1142 Astris

234 1197 339 1262 genus
363 1179 578 1244 masculinum
604 1177 746 1243 inditum
777 1177 880 1244 fuisse
908 1180 1002 1245 modo
1032 1178 1188 1245 diximus:
1219 1179 1286 1244 iam
1314 1178 1413 1244 mira-

233 1282 342 1348 bimur
357 1281 447 1349 viros
462 1283 618 1361 quosdam
634 1280 818 1362 appellatos
833 1281 937 1346 fuisse
955 1282 1137 1363 Vesperum
1159 1282 1214 1350 vel
1228 1282 1413 1363 Hesperum

234 1387 346 1468 (supra
384 1405 414 1466 p.
442 1383 510 1469 12),
547 1382 738 1450 Luciferum
771 1383 825 1450 vel
861 1384 1085 1464 Phosphorum
1123 1384 1236 1469 (supra
1272 1405 1303 1466 p.
1335 1385 1413 1467 tel?

233 1489 273 1554 In
302 1488 354 1554 his
384 1486 502 1553 dandis
528 1486 780 1569 cognominibus,
810 1486 880 1552 sive
902 1485 1094 1553 inventores
1125 1487 1196 1553 sive
1228 1486 1414 1554 imitatores

233 1590 369 1657 fuerunt
399 1589 553 1673 Romani,
587 1589 694 1655 simile
727 1589 898 1656 consilium
938 1594 1028 1655 certe
1061 1589 1167 1655 secuti
1201 1594 1279 1655 sunt
1312 1595 1414 1671 atque

233 1692 361 1775 Graeci,
384 1692 442 1773 qui
465 1711 623 1758 unacum
642 1691 865 1773 appellatione
879 1691 1158 1773 pulchritudinem
1180 1691 1250 1758 suis
1265 1691 1414 1759 tribuere

235 1795 420 1876 cupiebant.
482 1794 553 1860 Hoc
595 1796 785 1860 concludam
825 1813 867 1859 ex
905 1813 1002 1862 versu
1043 1794 1159 1860 Iliadis
1198 1795 1302 1860 XXII
1335 1795 1414 1861 318:

228 1895 397 1979 Ἕσπερος,
424 1895 460 1972 ὃς
480 1894 646 1972 κάλλιστος
668 1890 701 1957 ἐν
723 1894 847 1980 οὐρανῷ
866 1893 993 1959 ἵσταται
1014 1895 1119 1983 ἀστήρ.
1174 1899 1229 1963 Ι11
1258 1898 1414 1979 splendor

234 1998 398 2064 hominum
420 1998 629 2079 pulchrorum
644 2019 665 2063 a
679 1999 835 2065 Romanis
850 2018 978 2080 quoque
993 2005 1204 2081 comparatur
1217 2019 1289 2066 cum
1304 1999 1413 2066 nitore

234 2100 425 2184 Phosphori,
448 2100 507 2167 Ov.
530 2101 609 2166 Met.
632 2101 668 2165 II
691 2102 769 2166 722:

388 2224 514 2302 quanto
536 2220 737 2302 splendidior
758 2240 854 2301 quam
878 2225 992 2287 cetera
1019 2222 1129 2287 sidera
1152 2222 1260 2306 fulget

387 2318 514 2404 lucifer,
536 2327 572 2388 et
593 2328 717 2405 quanto
740 2328 782 2405 te,
805 2322 948 2404 Lucifer,
972 2343 1074 2390 aurea
1095 2325 1241 2391 Phoebe:

390 2430 483 2492 tanto
506 2425 693 2508 virginibus
715 2425 940 2508 praestantior
963 2427 1111 2492 omnibus
1133 2428 1247 2493 Herse.

318 2563 530 2629 Notissimum
559 2563 660 2629 etiam
691 2564 850 2643 estquod
873 2563 1023 2629 Platonis
1053 2562 1183 2629 nomine
1211 2563 1318 2629 fertur
1348 2564 1412 2645 epi·

234 2682 383 2745 gramma
404 2666 506 2730 Anth.
529 2664 595 2730 VII
616 2666 695 2731 670:

387 2798 484 2883 ἀστὴρ
506 2799 583 2882 πρὶν
603 2799 662 2880 μὲν
683 2797 827 2881 ἔλαμπες
849 2795 894 2864 ἐνὶ
916 2800 1047 2886 ζῳοῖσιν
1071 2801 1174 2885 Ἑῷος,

388 2911 441 2964 νῦν
462 2899 498 2964 δὲ
519 2903 630 2965 θανὼν
649 2901 791 2983 λάμπεις
805 2901 965 2989 Ἕσπερος
987 2902 1019 2967 ἐν
1041 2906 1252 2990 purpureone)

319 3037 447 3104 Similia
485 3039 740 3120 pulchritudinis
773 3041 935 3108 humanae
972 3060 1043 3107 cum
1080 3040 1236 3108 Lucifero
1274 3043 1413 3108 collatae

233 3139 426 3206 testimonia
445 3142 618 3224 leguntur:
636 3142 710 3209 Sen.
725 3144 857 3224 Apocol.
872 3144 921 3210 IV
936 3144 994 3225 253
1018 3144 1130 3210 Claud.
1145 3145 1212 3210 VII
1228 3145 1305 3226 1313
1320 3145 1412 3210 Paul.

233 3242 349 3309 Nolan.
374 3262 471 3309 carm.
493 3243 579 3310 XIX
598 3246 670 3311 219.
714 3245 801 3328 Quin
825 3247 925 3312 etiam
948 3247 1079 3328 pulchri
1100 3246 1196 3312 flores
1218 3246 1307 3314 iuter
1335 3247 1413 3313 reli·

233 3363 313 3426 quos
329 3349 497 3427 tamquam
519 3346 638 3414 lucifer
657 3347 816 3415 eminent:
843 3349 1038 3415 Tiberiani
1055 3350 1075 3415 8
1091 3349 1196 3427 (PLM
1208 3350 1261 3415 ΠΙ
1275 3369 1305 3431 p.
1321 3350 1413 3434 264);

233 3447 327 3514 PLM
341 3449 390 3514 IV
402 3468 434 3531 p.
446 3451 518 3533 421,
537 3469 587 3516 no.
603 3451 675 3534 520,
690 3451 718 3517 5.
755 3451 820 3517 Sed
835 3451 900 3518 iam
917 3453 959 3516 ad
977 3452 1111 3518 Homeri
1131 3451 1225 3517 illum
1243 3451 1348 3517 locum
1362 3471 1413 3517 re-

233 3557 412 3618 vertamur.
442 3551 546 3635 Quem
561 3572 692 3619 versum
709 3571 781 3620 oum
797 3553 985 3619 accrmatius
1000 3557 1196 3636 spectamus,
1211 3554 1411 3620 Graecorum

233 3649 522 3743 ἀνθρωπομορφίᾳ
542 3653 640 3721 facile
671 3674 743 3722 esse
765 3656 888 3722 factum
914 3655 1147 3741 intellegimus
1169 3660 1208 3723 ut
1230 3656 1413 3736 Hesperum

233 3754 404 3837 pulchrum
425 3755 576 3825 iuvenem
593 3775 664 3824 esse
685 3758 792 3824 animo
815 3756 879 3824 sibi
900 3757 1072 3841 fingerent.
1104 3760 1159 3824 llx
1176 3759 1240 3824 hac
1254 3756 1414 3840 opinione,

233 3858 291 3924 ubi
320 3860 421 3926 semel
454 3864 528 3925 erat
558 3866 709 3943 accepta,
738 3861 926 3927 necessario
960 3863 1176 3945 sequebatur,
1209 3867 1247 3928 ut
1278 3856 1414 3928 luminis

233 3960 437 4042 splendorem
460 3981 479 4026 1
499 3961 573 4027 face
596 3964 737 4043 quadam
759 3962 840 4028 oriri
862 3968 1029 4048 putarent,
1052 3983 1136 4044 quae
1149 3965 1192 4031 ab
1214 3964 1272 4030 illo
1294 3964 1414 4031 iuvene

233 4068 436 4144 quateretur.
480 4064 551 4146 Quo
573 4065 619 4146 fit,
642 4070 681 4131 ut
700 4066 734 4132 in
752 4066 900 4133 Graecae
922 4067 1006 4133 artis
1028 4067 1247 4133 monumentis
1268 4067 1415 4150 fingatur

279 4353 302 4408 1,
320 4265 912 4408 ιΞΞΙ1ρ1Ι11ἰ1111ς3134101111111101111111111101.
922 4270 1007 4339 epigr.
1020 4270 1069 4323 114
1080 4287 1106 4338 p.
1116 4270 1168 4324 425
1175 4271 1220 4339 Ρ.;
1232 4269 1265 4324 cf.
1275 4269 1413 4324 Boeckh

233 4354 266 4408 P.
304 4394 310 4407 .
355 4369 378 4406 r.
444 4367 470 4420 p.
535 4395 541 4406 .
