3278 4964
234 369 309 450 153]
455 367 496 422 De
513 369 655 424 stellarum
673 369 856 438 appellatione
873 376 902 426 et
919 369 1051 440 religione
1068 371 1191 428 Romana
1240 430 1242 433 ,
1348 374 1412 441 245

232 558 302 601 moe
329 541 364 602 in
389 540 538 620 proptiae
565 540 809 604 immortalitatis
834 541 935 604 sedem
965 546 993 605 el
1021 544 1057 606 iit
1089 543 1214 606 moretm
1245 565 1411 610 atemerum

232 647 437 707 recoluntur.

315 743 445 809 Nititur
472 743 579 826 igitur
609 745 692 810 haec
725 746 822 811 docta
854 745 1016 811 Macrobii
1053 747 1213 828 expositio
1249 749 1410 832 religione

233 848 373 926 quadam
409 847 562 929 populari
591 849 678 929 apud
713 849 890 929 plerasque
922 848 1073 914 nationes
1102 853 1290 936 repertazl)
1324 853 1410 919 uiam

230 948 371 1014 lacteam
392 949 481 1017 uiam
504 949 686 1015 animarum
708 950 894 1016 mortalium
921 969 1001 1017 esse.
1046 953 1140 1019 Hanc
1163 960 1296 1034 praeter
1317 955 1410 1022 illum

232 1051 289 1117 alii
309 1070 437 1132 quoque
459 1071 622 1134 recepere,
645 1071 674 1120 u.
698 1072 724 1118 c.
747 1053 904 1119 Manilius
927 1055 945 1119 I
969 1054 1040 1120 758.
1090 1056 1288 1124 Exscribere
1317 1058 1416 1124 lubetw

232 1172 347 1220 uersus
369 1155 503 1220 Paulini
524 1154 644 1220 Nolani
667 1174 716 1236 ep.
739 1154 769 1220 V
791 1157 926 1237 cispa:

384 1259 492 1338 pande
514 1257 610 1342 uiam,
630 1277 695 1338 qua
715 1277 766 1323 me
790 1263 864 1339 post
883 1259 1019 1324 vincula
1041 1261 1186 1342 corporis
1214 1263 1307 1346 aegri

383 1361 418 1424 in
441 1360 580 1425 sublime
601 1360 698 1442 ferat,
721 1361 797 1442 puri
818 1379 884 1441 qua
904 1361 1015 1429 lactea
1037 1363 1121 1429 caeli

384 1461 502 1527 semita
523 1470 683 1529 ventosae
705 1469 841 1544 superat
862 1482 950 1547 vaga
972 1465 1087 1531 nubila
1109 1467 1216 1551 lunae,

384 1583 449 1644 qua
471 1583 623 1646 proceres
646 1566 757 1632 abiere
779 1565 826 1647 pii
848 1585 978 1647 quaque
1000 1567 1132 1651 integer
1154 1569 1230 1635 olim

385 1672 503 1747 raptus
526 1668 721 1750 quadriiugo
744 1673 901 1750 penetrat
922 1689 1021 1751 super
1044 1690 1124 1737 aera
1147 1691 1244 1738 curru

384 1769 479 1834 Elias
503 1774 537 1835 et
559 1771 662 1836 solido
684 1791 757 1837 oum
780 1791 914 1853 corpora
935 1773 1092 1855 praevius
1115 1775 1237 1841 Enoch.

315 1872 363 1937 Et
393 1871 546 1937 similiter
583 1873 705 1938 dicitnr
733 1874 769 1939 in
798 1874 942 1941 carmine
971 1877 1074 1942 latino
1104 1877 1315 1960 epigraphico
1347 1880 1409 1944 740

230 1973 440 2039 Buecheleri:
463 1977 648 2057 astrigeram
662 1977 784 2041 scandit
804 1979 889 2042 olma
907 1980 1000 2062 mam,
1023 1984 1057 2044 et
1073 1999 1093 2045 a
1108 1981 1288 2068 Dracontio
1311 2001 1409 2048 carm.

229 2075 354 2158 profan.
377 2078 408 2142 V
428 2078 506 2143 325:
529 2078 682 2142 amadeus
704 2101 767 2163 quo
786 2081 901 2145 lacteam
922 2081 1174 2168 celtiberiam,
1197 2084 1323 2148 aetherii
1345 2106 1409 2168 quo

230 2180 338 2243 candel
360 2180 497 2244 circulus
518 2180 608 2245 orbis.

315 2281 437 2347 Similis
471 2285 634 2362 quaedam
671 2284 779 2365 opinio
818 2305 890 2351 oum
924 2304 1035 2351 omnes
1069 2287 1184 2353 stellas
1216 2308 1275 2370 pro
1308 2292 1408 2355 sede

229 2389 427 2450 mortuorum
450 2385 597 2451 habebat
619 2385 708 2469 (vide
730 2406 830 2468 supra
851 2407 924 2470 pag.
949 2389 1023 2472 137)
1053 2394 1124 2454 turn
1147 2390 1234 2455 viam
1257 2390 1408 2458 lacteam.

228 2486 323 2552 Hanc
349 2487 552 2570 Pythagorei
582 2507 600 2553 e
623 2490 741 2570 populo
770 2489 1003 2575 receperunt‘l)
1031 2491 1321 2573 Pythagoreosque
1344 2494 1407 2559 Ro-

227 2590 315 2655 mani
341 2609 468 2671 quoque
491 2596 569 2656 sunt
591 2592 706 2657 secuti.
757 2593 797 2657 In
827 2592 962 2674 galaxia
984 2593 1099 2660 heroes
1126 2594 1328 2660 habitabant
1357 2614 1407 2662 se·

228 2693 366 2758 eundum
400 2692 588 2759 Ciceronem
622 2696 662 2759 de
696 2713 764 2776 rep.
797 2695 846 2761 VI
875 2696 915 2761 15
950 2700 983 2760 et
1016 2695 1088 2761 ains
1122 2703 1408 2764 commentatorem

228 2794 430 2860 Macrobium
459 2796 557 2878 112,
588 2796 706 2877 quibus
728 2797 885 2863 Manilius
916 2799 1043 2863 accedit
1072 2800 1090 2865 I
1120 2800 1274 2882 758sqq.;
1301 2819 1407 2883 nequa

227 2897 302 2962 huic
324 2897 469 2979 opinioni
492 2900 585 2965 deest
607 2900 831 2967 testimonium
854 2901 888 2966 in
911 2900 1009 2967 titulo
1031 2907 1208 2986 seruatum,
1231 2923 1329 2971 carrn.
1350 2905 1407 2971 lat.

228 2999 331 3082 epigr.
355 3001 447 3084 1438,
470 3002 526 3067 17:

381 3105 458 3168 sede
479 3105 651 3171 beatorum
669 3105 789 3186 recipit
811 3110 847 3171 te
868 3107 995 3172 lacteus
1017 3107 1143 3190 orbis.³)

313 3205 454 3271 Praeter
476 3208 536 3274 has
559 3207 743 3275 sententias
772 3207 945 3289 religiosas
971 3210 1218 3289 superstitiosas
1241 3211 1407 3293 mysticas

228 3326 364 3388 quarum
386 3308 561 3390 plerasque
584 3311 704 3377 Graeci
727 3311 903 3392 populares
924 3310 1131 3394 invenerunt,
1156 3311 1295 3377 Romani
1316 3331 1406 3378 rece-

204 3414 363 3494 perunt,
389 3416 507 3491 poetae
533 3417 569 3478 et
597 3413 780 3495 philosophi
810 3419 1022 3494 utrorumque
1052 3419 1230 3497 auxerunt,
1260 3418 1295 3479 et
1323 3432 1405 3480 vera

228 3533 433 3541 —.-.——

314 3581 334 3649 ¹)
352 3581 548 3637 Frobeniua
566 3583 583 3637 l.
601 3583 620 3636 l.
638 3599 702 3652 pag.
720 3582 785 3652 3173
804 3584 956 3638 A.·Knhn
973 3584 992 3638 l.
1010 3584 1027 3638 l.
1051 3599 1116 3653 pag.
1133 3583 1192 3653 239,
1210 3583 1275 3652 311;
1300 3585 1406 3638 Kohl-

227 3665 312 3720 bach
330 3667 347 3720 l.
367 3668 385 3721 l.
410 3685 472 3737 pag.
496 3669 561 3738 343;
585 3669 735 3724 Drexler
752 3669 770 3724 l.
789 3671 821 3738 l.;
845 3669 1008 3738 Zeitsclurifl
1024 3669 1075 3736 fiir
1093 3669 1210 3740 Mythol.
1227 3669 1285 3723 aad
1303 3670 1406 3725 Sitten-

227 3750 316 3805 haade
333 3753 348 3806 I
365 3769 429 3822 pag.
449 3753 498 3806 162
505 3770 562 3823 sqq.

313 3836 333 3906 ²)
353 3854 378 3892 v.
397 3839 428 3892 E.
447 3839 565 3896 Rohde
583 3840 707 3910 ΡεῃοΙιε3
719 3857 782 3910 pag.
794 3841 836 3910 95,
850 3841 900 3894 213
919 3842 980 3896 adn.
993 3841 1017 3895 2.
1030 3872 1064 3880 —-
1077 3842 1292 3909 Compoanernnt
1303 3842 1406 3909 Pytha·

225 3923 302 3991 gorei
320 3923 400 3977 lactis
417 3924 589 3994 alimonium,
612 3927 683 3993 qnod
701 3926 819 3994 primum
837 3926 996 3982 mortalibus
1014 3927 1134 3995 offertur,
1158 3943 1219 3981 cum
1238 3926 1301 3982 orbe
1318 3926 1405 3982 lacteo

227 4014 310 4077 atque
328 4009 419 4064 offerri
435 4011 464 4064 id
481 4012 687 4080 contenderunt,
712 4011 779 4079 poio
798 4012 910 4081 primas
928 4012 967 4067 eis
985 4012 1032 4082 (sc.
1044 4012 1158 4082 animis)
1175 4015 1267 4067 molus
1284 4029 1302 4065 a
1320 4011 1406 4066 lacteo

226 4093 326 4163 incipit
342 4095 374 4149 ia
391 4111 508 4164 corporo
525 4100 635 4150 terreae
654 4096 813 4168 labentibus,
833 4115 859 4153 r.
878 4098 994 4154 Macrob.
1012 4098 1031 4151 l.
1049 4097 1067 4152 l.

312 4180 332 4249 ⁸)
350 4182 466 4236 Easdem
491 4182 605 4236 aliorum
629 4184 789 4251 populorum
818 4183 999 4252 cogitationes
1028 4183 1199 4252 collegerunt
1228 4183 1406 4254 Forbiger

225 4264 313 4319 Mart.
335 4265 431 4337 Geopr.
450 4284 514 4337 pag.
532 4266 598 4335 5063
615 4268 641 4322 J.
661 4268 789 4323 Grimm
807 4269 825 4325 l.
843 4269 861 4323 l.
880 4269 1001 4337 1111063
1020 4269 1403 4324 hattummaisnil.

230 4349 384 4421 Utrolipioa
400 4369 465 4422 pag.
482 4353 517 4407 54
534 4359 564 4408 et
581 4354 645 4421 2543
663 4354 813 4409 Drexler
829 4354 848 4407 1.
866 4355 884 4409 l.
903 4370 966 4424 pag.
985 4354 1045 4411 732.
