3292 4958
512 1524 685 1590 CAPVT
716 1523 1007 1590 SECVNDVM

597 1696 660 1777 Ite
688 1694 909 1779 sideribus

476 1917 497 2011 ἕ
525 1927 555 1993 1.
598 1925 659 1993 De
687 1924 1036 2007 septentrionibus

459 2121 484 2188 Ι.
515 2119 559 2189 lte
583 2121 841 2206 septentrionum
867 2121 1056 2190 nominibus.

252 2272 430 2337 Notissima
460 2272 530 2337 eius
561 2272 689 2355 sideris
719 2275 805 2354 quod
835 2278 1001 2339 nostrates
1029 2275 1210 2354 plaustrum
1240 2273 1344 2338 maius

165 2374 220 2440 vel
242 2393 351 2439 ursam
367 2374 522 2440 maiorem
542 2376 720 2457 appellant,
744 2375 983 2457 cognominatio
1006 2375 1175 2440 ueteribus
1190 2375 1345 2440 Romanis

166 2481 241 2541 erat
263 2477 482 2558 septentri
496 2495 610 2558 ones,
640 2496 743 2557 quare
765 2478 825 2541 hoc
847 2477 1006 2543 vocabulo
1028 2477 1273 2558 paragraphum
1295 2478 1344 2542 in-

167 2578 285 2660 scripsi
308 2584 342 2644 et
365 2580 407 2644 ab
430 2598 467 2645 eo
490 2578 622 2644 initium
641 2579 763 2644 faciam
786 2579 977 2645 disserendi.

251 2681 578 2764 Septentriones,
600 2701 667 2744 -nm
682 2700 795 2747 masc:
815 2682 955 2763 primum
971 2682 1096 2764 legitur
1111 2701 1151 2747 ea
1165 2681 1344 2763 appellatio

167 2785 255 2864 apud
273 2784 428 2850 Plautum
451 2784 485 2849 in
509 2784 747 2865 Amphitruone
776 2803 808 2851 v.
830 2785 892 2850 273
922 2785 957 2849 in
979 2786 1150 2850 stellarum
1185 2785 1344 2867 catalogo,

167 2905 260 2967 quem
283 2905 381 2968 supra
404 2906 434 2968 p.
455 2888 475 2952 3
497 2887 714 2954 laudavimus.
759 2888 840 2952 Inde
864 2906 884 2952 a
903 2888 1023 2954 Plauto
1046 2885 1250 2969 sequioribus
1273 2905 1344 2952 sae-

166 2988 248 3055 culis
278 2993 347 3053 tam
376 3007 475 3071 saepe
506 2994 701 3073 usurpatur,
739 2994 775 3054 ut
802 2990 951 3071 exempla
982 2989 1100 3056 afferre
1128 2991 1261 3073 longum
1291 2989 1344 3055 sit.

165 3092 325 3157 Attamen
354 3092 521 3174 Augusteo
552 3091 621 3157 fere
651 3111 731 3159 aevo
761 3091 946 3176 singularia
976 3093 1136 3174 quaedam
1166 3091 1344 3158 adhibendi

165 3213 287 3275 genera
309 3193 532 3260 inveniuntur.
576 3195 624 3260 Ac
648 3195 788 3275 primum
811 3195 941 3275 quidem
957 3200 1074 3276 poetae
1090 3195 1187 3260 metri
1203 3193 1343 3260 necessi-

165 3295 229 3362 tati
251 3296 461 3362 oboedientes
484 3296 519 3361 in
542 3297 624 3361 duas
639 3301 753 3377 partes
778 3315 888 3362 vocem
909 3296 1103 3362 diviserunt.
1147 3296 1342 3376 Exemplum

113 3397 115 3399 ’
168 3397 301 3464 afferam
325 3398 381 3465 Ov.
405 3399 484 3464 Met.
505 3398 540 3463 II
562 3399 641 3464 528:

350 3501 489 3582 Gurgite
513 3502 662 3566 caeruleo
683 3504 794 3582 septem
817 3500 989 3580 prohibete
1011 3501 1134 3563 triones.

250 3602 324 3685 Qua
344 3603 504 3670 divisione
521 3603 619 3669 semel
642 3621 795 3669 consessa
811 3602 863 3668 vel
880 3621 917 3668 eo
932 3601 1099 3684 progressi
1115 3604 1192 3665 sunt
1214 3604 1341 3681 poetae,

160 3710 204 3770 ut
226 3707 327 3770 solam
357 3705 571 3787 posteriorem
601 3724 713 3772 vocem
743 3705 860 3771 omisso
891 3703 1051 3770 numerali
1080 3703 1236 3768 dicerent.
1287 3702 1342 3769 Sic

164 3805 334 3873 invenitur
356 3809 442 3890 apud
464 3807 648 3891 Vergilium
671 3808 752 3874 Aen.
775 3808 791 3872 I
815 3810 895 3873 744:

295 3913 472 3976 Arcturum
495 3910 689 3991 pluviasque
711 3910 849 3993 Hyadas
870 3910 1081 3991 geminosque
1100 3907 1225 3973 triones

165 4016 200 4077 et
218 4014 305 4093 apud
328 4013 483 4080 Ovidium
506 4014 584 4079 Met.
599 4013 634 4078 II
651 4014 727 4078 171:

341 4117 432 4181 Tunc
455 4114 595 4196 primurn
617 4113 718 4180 radiis
739 4114 843 4196 gelidi
866 4115 999 4180 caluere
1019 4112 1152 4178 triones.

251 4217 323 4283 Hoc
346 4217 379 4283 in
402 4237 438 4284 re
455 4218 637 4300 Vergilium
669 4222 703 4282 et
733 4215 887 4283 Ovidium
909 4215 1108 4282 recentiores
1130 4220 1248 4296 poetae
1270 4215 1344 4280 imi·

163 4318 230 4383 tati
246 4324 332 4402 sunt,
348 4338 484 4400 quornm
498 4319 627 4385 nomino
643 4317 842 4401 Martialem,
857 4318 913 4399 qui
929 4318 1012 4384 dicit
1027 4315 1214 4380 Parrhasios
1228 4318 1344 4381 triones
