3278 4964
177 359 242 447 63]
401 362 441 415 De
460 360 601 415 stellarum
620 361 801 430 appellatione
819 368 848 417 et
864 363 996 432 religione
1014 363 1135 418 Romana
1290 366 1352 432 155

174 531 291 594 dictuur
309 534 410 610 putul.
454 529 600 593 ‘Trioues’
622 532 704 593 cuim
724 551 781 611 per
800 551 862 594 sese
876 531 956 596 uiliil
977 533 1154 613 sipuipicurc
1176 537 1275 613 uiuat,
1298 535 1353 599 secl

173 633 311 697 vocabuli
324 652 386 695 esse
397 633 654 713 supplerucuturu3
669 635 749 696 sicud
759 635 794 697 iu
808 652 849 716 eo,
865 633 946 714 quod
961 636 1185 715 ‘quiuquutrus’
1201 636 1350 716 dicamus,

174 735 256 817 quool
276 737 411 815 quiuque
432 735 470 798 ud
491 734 601 798 Irlilus
629 735 750 799 clururu
771 755 921 800 uuruerua
940 737 990 814 sit,
1022 738 1129 802 ‘uirus’
1157 739 1245 802 uilil.
1278 739 1352 813 eui

174 838 359 903 sententiae
382 837 536 903 assentiri
558 839 647 903 nullo
669 840 762 903 modo
780 856 956 920 possumus.
1001 841 1083 904 Nam
1104 842 1233 905 trioueu
1256 861 1351 908 roca·

174 941 285 1007 bulum
308 939 437 1020 aliquod
460 940 495 1006 in
525 959 560 1005 se
593 942 779 1007 absolutum
808 941 909 1006 fuisse
937 944 1087 1008 docemur
1117 948 1151 1008 et
1179 949 1352 1025 poetarum

173 1043 306 1123 τμήσεσι
327 1062 427 1124 supra
444 1063 474 1124 p.
491 1043 532 1108 59
556 1044 677 1125 allatis
702 1043 757 1122 qui
779 1063 954 1124 numquam
977 1045 1077 1110 simili
1102 1048 1194 1112 modo
1217 1049 1353 1127 quiuquc

175 1151 208 1212 et
229 1150 318 1208 otrus
340 1144 374 1210 iu
397 1147 459 1210 duo
482 1145 681 1227 diviserunt3
713 1148 864 1212 docemur
885 1151 1060 1228 praeterea
1091 1167 1136 1231 eo,
1167 1151 1251 1228 quod
1274 1149 1352 1215 Trio

175 1249 305 1329 saepius
322 1267 380 1329 pro
396 1247 561 1313 hominum
577 1248 859 1329 cognominatione
878 1255 1041 1330 appareat
1064 1249 1106 1333 (v.
1121 1271 1222 1333 supra
1237 1271 1268 1332 p.
1288 1254 1352 1332 62).

260 1350 408 1417 Tertiam
420 1350 603 1430 opinionem
614 1351 833 1416 recentiorum
845 1352 977 1431 quidam
990 1353 1136 1437 protulit,
1153 1353 1188 1418 Ο.
1203 1355 1352 1419 Keller

175 1454 254 1535 dico,
284 1454 341 1533 qui
370 1453 404 1518 in
427 1454 512 1518 libro
536 1453 625 1516 Tierc
650 1453 702 1516 cles
726 1453 910 1517 lrlussiscluu
932 1455 1107 1519 Altcrturus
1128 1476 1158 1536 p.
1182 1457 1244 1521 126
1278 1475 1352 1521 con-

175 1557 262 1622 cedit
303 1556 442 1621 trionem
475 1555 599 1636 aliquid
635 1555 838 1638 significare,
873 1561 906 1620 et
942 1556 1026 1622 idem
1058 1559 1119 1623 hoc
1152 1577 1221 1624 esse
1251 1563 1352 1639 atque

174 1658 312 1740 figuram
342 1659 397 1725 vel
433 1657 534 1723 sidus.
597 1658 666 1739 Quo
696 1659 751 1741 fit,
787 1663 826 1723 ut
858 1664 996 1741 cogatur
1030 1679 1156 1726 sumere
1190 1661 1351 1741 pluralem
1403 1717 1405 1720 ,
1520 1708 1521 1713 1

175 1761 272 1827 huius
293 1760 382 1827 vocis
405 1760 541 1826 formam
571 1760 786 1826 recentiorem
816 1780 887 1826 esse
916 1762 1080 1844 singulari
1109 1765 1264 1849 (p.126):
1295 1765 1353 1828 ad·

175 1883 289 1931 versus
313 1882 385 1928 eum
409 1863 580 1928 dicendum
605 1869 655 1928 est
677 1865 921 1945 septentriones
944 1870 1034 1930 certe
1055 1866 1257 1947 antiquiores
1281 1885 1352 1931 esse

175 1966 398 2047 septentrione
422 1967 464 2050 (v.
489 1985 587 2047 supra
610 1986 640 2047 p.
657 1967 720 2050 60).
764 1967 877 2046 Neque
900 1968 972 2048 ipse
995 1967 1059 2033 sibi
1078 1968 1112 2032 in
1135 1988 1173 2033 ea
1196 1987 1274 2036 voce
1298 1987 1351 2033 ex·

175 2071 342 2150 plananda
357 2068 506 2134 constitit
520 2069 685 2151 Keller,
702 2069 758 2150 qui
773 2089 803 2150 p.
819 2071 1043 2136 3181111241)
1061 2070 1203 2136 Gellium
1218 2077 1350 2136 secutus

175 2173 249 2236 -trio
264 2171 411 2254 syllabas
432 2171 529 2252 stirpi
545 2171 680 2237 suffixus
697 2172 818 2237 nullius
834 2174 989 2238 momenti
1004 2192 1076 2239 esse
1092 2173 1185 2238 dixit.
1230 2173 1294 2239 Sed
1311 2176 1351 2238 de

175 2275 237 2340 hac
258 2275 424 2340 sententia
446 2274 510 2339 iam
533 2279 642 2340 actum
665 2279 725 2340 est.

261 2378 411 2442 Fuerunt
422 2381 533 2442 tanuen
546 2383 579 2442 et
591 2377 657 2459 alii,
669 2377 726 2456 qui
737 2377 876 2442 trionem
888 2375 974 2441 idem
986 2377 1097 2443 valere
1111 2381 1209 2456 atque
1222 2376 1351 2441 stellam

175 2485 337 2562 putarent.
382 2479 524 2563 Quorum
540 2479 669 2545 nomino
692 2480 759 2544 rh.
781 2478 943 2561 Beniey
968 2477 1089 2542 Griccl.
1111 2478 1354 2542 Wurrclleuicou

176 2584 287 2666 1661,
319 2582 375 2663 qui
405 2582 598 2647 Latinorum
628 2583 687 2644 trio
719 2581 898 2662 composuit
927 2600 1000 2646 curn
1029 2580 1139 2646 radice
1169 2580 1354 2646 sanseritea

175 2687 234 2748 atri
247 2717 275 2738 ω
290 2686 369 2748 astri
382 2716 411 2738 ev
424 2685 571 2768 strallcu,
601 2684 693 2749 cuius
716 2683 917 2750 sententiam
947 2683 1077 2764 excepit
1106 2684 1149 2748 Μ.
1172 2683 1354 2748 Mueller

180 2786 404 2868 Wisseusclruft
425 2786 480 2850 cler
502 2787 638 2867 Spruclre
659 2787 694 2852 Π
716 2788 780 2852 344
811 2786 917 2852 fusius
941 2805 1104 2867 exponens
1126 2788 1186 2849 uu
1206 2785 1353 2853 derivari

176 2909 270 2972 posse
294 2910 314 2956 a
336 2908 416 2956 voce
439 2892 578 2970 quadam
602 2890 699 2972 *tciri
730 2909 813 2970 quae
837 2908 878 2955 ex
900 2890 1003 2952 *aloru
1025 2888 1069 2974 (ev
1081 2890 1198 2952 sterulu
1212 2920 1240 2944 ω
1253 2890 1353 2970 stella)

177 2996 319 3059 deducta
341 2993 386 3058 sit
408 2993 527 3058 amissa
549 2994 656 3074 prima
681 2993 806 3058 littera.
850 2993 969 3073 Itaque
992 2995 1117 3073 septem
1139 2991 1265 3057 triones
1285 2992 1354 3057 sint

175 3102 301 3176 septem
324 3096 447 3161 stellae.

262 3198 322 3264 Oui
345 3197 559 3279 explicationi
581 3200 802 3280 respondeam,
830 3198 891 3259 trio
913 3216 933 3261 a
955 3197 1060 3260 *nuru
1092 3195 1237 3261 derivari
1260 3213 1354 3275 posse

177 3299 314 3383 quidem,
329 3302 388 3366 sed
401 3300 532 3366 minime
549 3300 668 3366 deberi.
712 3300 805 3381 Quod
820 3303 857 3364 ut
871 3298 1020 3379 sentiam,
1036 3298 1179 3363 adducor
1194 3297 1355 3362 Varronis

176 3403 385 3486 auctoritate,
408 3402 463 3484 qui
479 3405 520 3468 de
535 3404 555 3468 l.
570 3403 590 3467 l.
606 3402 672 3467 VII
689 3403 782 3482 73sq.
805 3403 888 3466 haec
902 3399 1024 3465 tradit:
1047 3398 1198 3462 Arbitror
1211 3399 1355 3478 autiquae

175 3507 306 3569 rusticos
322 3507 464 3586 primaru
484 3509 605 3569 uolasse
626 3504 777 3585 quaedum
798 3504 833 3567 iu
849 3503 930 3566 caelo
949 3504 1042 3583 sipuu
1064 3554 1071 3567 .
1096 3549 1103 3564 .
1128 3550 1134 3563 .
1158 3501 1242 3564 Eius
1262 3502 1354 3581 sipua

175 3613 256 3691 suut,
279 3608 360 3688 quot
377 3608 435 3672 lius
447 3612 559 3690 septem
573 3606 677 3672 stellas
693 3606 806 3671 Gracci
826 3610 861 3668 ul
876 3605 1031 3670 Horucrus
1051 3609 1159 3668 oocuut
1181 3602 1305 3684 ἅμαξαν
1326 3607 1354 3666 el

171 3712 384 3793 propiuquuur
408 3712 474 3774 eiua
494 3712 619 3792 sipuuru
640 3713 771 3795 βοώτην,
793 3710 893 3773 uestri
912 3727 963 3772 eus
984 3712 1094 3790 septem
1115 3707 1219 3771 stellas
1240 3707 1355 3769 trioues

176 3818 204 3876 et
226 3818 372 3877 lcmoueru
395 3818 423 3877 ct
440 3832 538 3895 prope
560 3832 613 3876 eus
626 3833 735 3888 uacua·
757 3813 887 3876 Triones
907 3813 1031 3874 euimet
1053 3810 1136 3874 lues
1158 3809 1355 3891 appellaretur

176 3935 197 3978 a
218 3915 355 3979 bubulcis
382 3917 503 3979 etiarn
533 3934 639 3978 uuuc
661 3917 793 3979 uuuiruc
813 3934 883 3978 curu
905 3918 1000 3978 arcui
1021 3917 1153 3991 terrum;
1183 3932 1199 3973 e
1221 3912 1291 3991 quie
1319 3914 1354 3973 ui

176 4017 250 4082 dicti
272 4019 403 4082 voluutas
427 4017 568 4084 Gleburii
589 4019 644 4098 qui
662 4018 759 4098 facile
775 4015 958 4100 prosciderat
977 4014 1088 4097 plebes,
1110 4015 1155 4077 sic
1177 4032 1279 4078 omues
1299 4015 1355 4094 qui

176 4125 291 4185 terrum
314 4121 447 4185 urubuui
469 4142 489 4185 u
511 4126 595 4184 terro
619 4120 792 4202 Terrioues,
813 4118 896 4183 uuile
917 4119 1047 4183 Trioues
1068 4122 1103 4181 ul
1124 4116 1298 4180 dicerentur
1318 4115 1354 4180 tr

176 4223 291 4309 tritu.¹)
325 4223 390 4290 Sed
404 4228 573 4306 oppugnat
588 4222 732 4289 Varroni
746 4221 790 4287 Μ.
805 4221 1004 4304 Mueller,
1025 4223 1101 4286 dum
1116 4219 1198 4286 dicit
1212 4218 1353 4285 trionem

264 4359 285 4428 ¹)
303 4359 381 4413 Hanc
399 4358 606 4428 explicationem
624 4359 727 4428 profert
744 4358 849 4414 Gellius
868 4373 972 4426 quoque
990 4357 1022 4412 N.
1036 4359 1068 4412 A.
1087 4357 1169 4426 1121,
1188 4371 1266 4424 equo
1284 4371 1353 4410 com-
