3292 4958
235 381 311 470 107]
460 381 502 436 De
519 381 661 436 stellarum
679 381 861 449 appellatione
879 386 908 436 et
926 381 1058 451 religione
1075 381 1198 436 Romana
1351 382 1414 448 199
1500 435 1503 442 Δ

241 554 306 620 Sed
326 552 375 619 ibi
397 554 534 636 Hyades
556 572 616 635 pro
639 551 786 632 quolibet
808 552 978 618 stellarum
1007 551 1135 618 nomine
1158 552 1299 635 ponitur,
1331 571 1414 633 quae

235 657 372 722 Medeae
394 656 461 723 vim
483 656 647 738 magicam
669 655 843 720 senserint.

318 759 431 839 Neque
460 777 539 825 vero
563 757 721 841 astrologi
750 758 936 823 sucularum
966 761 1163 837 potestatem
1184 758 1414 839 neglexerunt.

235 859 355 926 Fusior
377 863 417 926 de
440 879 480 926 ea
503 865 554 926 est
576 860 733 925 Manilius
755 861 785 927 V
810 860 963 939 119sqq.:

168 984 171 988 ’
548 966 687 1045 surgent
709 964 843 1044 hyades
886 962 958 1043 Quo
980 966 1126 1043 tempore
1147 961 1237 1027 natis

335 1065 427 1130 nulla
447 1064 539 1145 quies
561 1065 686 1147 placet;
709 1064 745 1129 in
767 1064 857 1129 nullo
878 1068 956 1129 sunt
978 1064 1047 1129 otia
1069 1063 1195 1144 fructu3

334 1168 393 1232 sed
414 1167 570 1249 populum
593 1168 790 1247 turbamque
812 1169 938 1248 petunt,
961 1185 1135 1246 rerumque
1157 1166 1328 1231 tumultus.

234 1269 448 1351 Intellegitur
469 1271 530 1335 boc
552 1288 570 1335 e
593 1270 774 1351 procellosa
795 1269 914 1335 sideris
937 1273 1059 1334 natura
1081 1270 1256 1334 deductum
1279 1286 1359 1334 esse.

319 1373 444 1437 Tamen
477 1376 512 1437 et
548 1373 711 1438 Graecum
747 1373 935 1438 sucularum
972 1375 1105 1454 etymon
1139 1368 1207 1433 ἀπὸ
1246 1380 1303 1460 roo
1337 1368 1412 1446 συὸς

233 1474 371 1541 Manilio
393 1479 507 1540 notum
528 1474 630 1540 fuisse
652 1479 746 1555 patet
769 1494 787 1540 e
809 1494 840 1542 v.
864 1477 940 1540 126:

387 1581 422 1642 et
444 1576 542 1643 fidum
565 1577 768 1643 Laertiadae
790 1596 934 1660 genuere
956 1579 1104 1660 syboten.

319 1697 397 1762 Cum
422 1696 559 1762 Manilio
581 1715 715 1778 prorsus
738 1696 820 1763 facit
841 1696 1005 1764 Firmicus
1028 1698 1206 1778 Maternus
1229 1695 1285 1776 qui
1308 1695 1413 1761 Matb.

233 1799 317 1865 VIII
340 1800 360 1863 6
382 1800 423 1865 de
445 1799 629 1865 hominibus
654 1801 714 1866 sub
737 1800 856 1882 Hyade
878 1800 968 1865 natis
992 1799 1140 1865 disserit:
1162 1798 1247 1864 fiunt
1267 1796 1410 1878 inquieti

232 1901 416 1968 turbulenti
438 1902 619 1985 populares,
641 1901 776 1968 bubulci
798 1901 955 1983 opiliones
978 1900 1178 1968 armentarii.

319 2003 500 2069 Christiani
523 2003 664 2084 denique
686 2023 889 2087 paganorum
906 2004 1092 2070 nominibus
1114 2003 1166 2069 usi
1188 2007 1273 2069 sunt.
1318 2002 1411 2070 Nova

231 2110 360 2171 tantum
383 2107 511 2173 accedit
532 2107 641 2189 opinio
661 2108 800 2191 suculas,
823 2126 904 2188 quas
919 2125 956 2173 re
972 2126 1054 2174 vera
1073 2126 1146 2172 cum
1164 2107 1256 2172 oculo
1271 2105 1412 2171 humano

233 2228 422 2290 componere
445 2209 558 2294 possis,
580 2211 707 2276 oculum
731 2229 802 2276 esse
825 2210 878 2276 dei
900 2211 1010 2277 omnia
1030 2209 1191 2277 videntis:
1222 2227 1308 2291 quae
1330 2209 1412 2273 ima·

231 2311 358 2394 ginatio
389 2313 530 2377 deducta
560 2317 612 2377 est
639 2331 657 2377 e
679 2313 811 2378 Psalmo
833 2311 942 2378 XCIV
964 2314 984 2377 9
1014 2318 1048 2379 et
1078 2311 1195 2378 Sirach
1216 2310 1339 2375 XXIII
1361 2311 1412 2392 28,

232 2432 264 2479 v.
286 2413 563 2480 Bartschium
586 2415 607 2480 l.
629 2413 649 2479 l.
672 2434 701 2495 p.
724 2414 774 2480 90.

318 2513 1411 2599 PraeterseptentrIonesiugulasuergiliassuculas

231 2617 373 2684 siderum
388 2617 519 2684 nomina
535 2605 623 2698 quae
634 2637 712 2686 vere
726 2619 874 2685 Romana
888 2623 1009 2702 essent,
1032 2637 1096 2684 non
1114 2615 1255 2699 repperi.
1301 2616 1411 2697 Quare

231 2717 348 2786 barum
372 2720 591 2802 explicatione
612 2721 765 2789 absoluta
786 2719 889 2802 capiti
904 2723 1044 2787 secundo
1058 2720 1155 2786 finem
1169 2719 1225 2785 bic
1239 2719 1411 2800 imponam.
