3278 4964
357 312 419 377 124
806 307 958 364 Guilelmus
975 307 1082 364 Gundel
1478 306 1535 396 [32

354 481 518 550 Aeneidos
540 481 655 547 1382:
678 484 777 544 moue
797 479 855 544 dea
878 483 1067 543 maturante
1086 479 1170 542 uam
1192 478 1368 561 adscripto,
1396 477 1452 559 qui
1475 481 1534 546 ad-

355 588 450 650 notat
473 584 653 650 Varronem
675 582 710 648 in
733 583 875 648 secundo
891 581 1077 648 divinarum
1099 580 1184 647 libro
1206 580 1399 647 tradidisse:
1421 600 1459 645 ccc
1473 601 1535 663 puo

354 686 393 750 rte
421 687 519 750 Troia
547 689 590 750 est
626 703 763 767 epressus
792 685 932 767 Actaeos,
966 684 1090 748 Veuerc's
1125 703 1194 747 eum
1227 703 1286 767 per
1315 682 1397 747 cltcru
1426 683 1536 749 cotidie

353 789 473 854 stellam
493 788 615 866 ulisse,
645 787 737 851 donee
759 786 802 850 orl
830 806 943 868 aprum
965 786 1160 850 Laurentum
1188 787 1311 852 oeuiret.
1363 787 1475 868 thue
1498 787 1535 854 in

356 893 489 957 Aeneae
520 890 602 956 tatis
632 889 760 970 aliquid
788 886 855 954 tuit
879 888 1019 954 Veneris
1048 889 1156 972 stella,
1188 887 1239 954 ita
1268 888 1368 955 etiam
1398 888 1434 955 in
1455 888 1536 956 Iulii

356 992 522 1076 Caesaris,
551 990 607 1073 qui
637 1011 679 1057 ex
707 992 840 1056 Aeneae
874 989 978 1072 stirpe
1008 995 1138 1057 creatus
1168 992 1358 1074 putabatur.
1409 992 1536 1058 Narrat

355 1094 492 1161 OvidIus
518 1095 596 1160 Met.
625 1095 690 1160 XV
719 1094 782 1159 843
790 1113 859 1174 sqq.
893 1093 1044 1159 Caesaris
1073 1093 1215 1159 animam
1245 1094 1417 1161 aVenere
1446 1093 1537 1161 inter

357 1196 473 1262 stellas
502 1215 575 1262 esse
604 1196 753 1261 relatam.
808 1195 930 1278 Quodsi
963 1194 1016 1261 hio
1046 1197 1087 1261 de
1115 1196 1216 1261 stella
1245 1195 1368 1263 crInita
1400 1196 1536 1280 cogitat,

356 1298 547 1381 Propertius
569 1299 618 1365 IV
639 1300 669 1381 6,
691 1299 734 1366 59
756 1296 908 1364 Caesaris
935 1298 1077 1364 animam
1106 1297 1142 1363 in
1171 1298 1344 1364 luciferum
1373 1299 1536 1381 migrasse

355 1407 487 1468 narrat:
509 1407 543 1466 ct
552 1405 644 1484 pater
657 1400 763 1465 Irlalr'c
785 1401 921 1464 miratur
937 1399 1056 1464 Caesar
1069 1399 1108 1464 ab
1122 1405 1216 1464 astro.
1250 1401 1346 1467 Unde
1361 1420 1536 1483 vesperum

355 1505 410 1572 vel
430 1504 534 1586 ipsius
557 1504 709 1570 Caesaris
731 1504 862 1570 stellam
886 1503 1050 1586 dixerunt,
1071 1508 1111 1568 ut
1132 1503 1303 1587 Vergilius
1323 1504 1380 1570 ecl.
1402 1504 1454 1570 IX
1474 1505 1535 1570 47:

356 1627 420 1672 ecce
441 1607 576 1672 Dionaei
592 1609 740 1690 proccssu‘t
763 1606 908 1672 Caesaris
929 1611 1058 1688 astrum,
1081 1624 1175 1686 quem
1197 1606 1347 1672 Imitatus
1368 1607 1535 1674 Ausonius

356 1709 439 1776 Dist
462 1712 503 1775 de
525 1729 624 1776 mens.
647 1730 677 1777 v.
702 1712 742 1776 13
764 1731 795 1792 p.
818 1711 895 1775 99Ρ
918 1708 1053 1775 cecinIt:

559 1812 637 1878 inde
659 1812 806 1878 Dionaeo
829 1812 1041 1895 praefulgens
1064 1811 1169 1877 Iulius
1191 1815 1281 1877 astro

604 1914 743 1980 aestatis
764 1914 891 1980 mediae
913 1919 1062 1995 tempora
1084 1920 1177 1979 certa
1194 1919 1295 1980 tenet.

443 2017 538 2082 Hanc
558 2017 756 2082 sententiam
779 2016 921 2082 irridens
936 2016 1143 2098 Augustinus
1166 2016 1216 2082 ait
1239 2018 1279 2082 de
1299 2019 1400 2082 doctr.
1416 2015 1538 2084 Christ.

357 2119 393 2184 II
414 2120 472 2183 21:
493 2119 582 2182 strlus
603 2119 685 2199 quocl
707 2119 900 2202 appellamus
918 2119 1084 2200 luciferum
1098 2119 1208 2183 lauert
1222 2123 1251 2183 et
1272 2119 1392 2182 uomtm'
1410 2117 1539 2184 Caesari

357 2220 497 2285 Roruuut
517 2221 623 2285 dtcore
644 2223 747 2285 corootc'
766 2227 849 2285 suut.
882 2227 910 2285 ct
937 2222 1071 2302 tortasse
1096 2222 1217 2302 factura
1247 2226 1322 2285 esset
1347 2226 1438 2302 atque
1466 2223 1540 2286 tsset

357 2326 393 2388 e'u
413 2328 598 2402 oaustaterra
628 2325 693 2389 ur'su'
722 2327 802 2389 cota
821 2326 887 2389 etus
914 2325 1016 2390 Veuus
1039 2330 1293 2407 praeoccupasset
1320 2324 1375 2390 loc
1402 2326 1539 2390 uorutur's

357 2427 533 2509 praedium.

443 2531 507 2596 Sed
530 2532 727 2612 procedente
749 2529 982 2611 imperatorum
1004 2533 1117 2594 aetate
1139 2527 1261 2594 indies
1283 2528 1388 2611 magis
1411 2548 1537 2597 cresce·

356 2634 417 2698 bat
439 2633 676 2699 Chaldaeorum
703 2631 894 2714 superstitio
925 2631 1125 2713 astrologica
1157 2633 1243 2711 apud
1266 2631 1428 2698 Romanos
1459 2637 1494 2697 et
1518 2651 1539 2698 a

358 2734 461 2801 variis
492 2734 665 2815 gentilium
695 2734 911 2814 religionibus
939 2740 1075 2814 recepta
1103 2733 1291 2799 mortalium
1320 2733 1444 2800 animos
1474 2733 1539 2800 sibi

358 2835 528 2902 devinctos
551 2837 696 2901 tenebat.
741 2835 815 2918 Qua
838 2837 878 2900 de
900 2854 937 2900 re
966 2855 1039 2900 curn
1069 2835 1174 2900 fusius
1204 2836 1399 2917 scripserint
1427 2855 1539 2902 recen·

359 2939 478 3004 tiorum
495 2937 559 3004 viri
574 2937 700 3023 docti,¹)
715 2957 775 3019 ego
790 2939 907 3020 longus
927 2957 998 3004 esse
1013 2938 1094 3003 nolo.
1117 2938 1221 3004 Varia
1236 2939 1400 3004 bominum
1415 2958 1540 3020 genera

360 3041 395 3105 in
424 3041 563 3105 tutelam
593 3041 709 3106 stellae
739 3042 908 3106 Venereae
937 3041 1140 3124 dicaverunt,
1174 3051 1320 3108 oratores
1351 3044 1539 3108 sacerdotes

358 3148 472 3226 gratos
496 3151 655 3209 venustos
678 3143 809 3210 divites.
853 3145 945 3209 Haec
961 3149 994 3209 et
1018 3143 1086 3208 alia
1105 3150 1342 3210 enumerantur
1361 3143 1538 3210 aFirmIoo

359 3247 518 3328 Materno,
541 3247 598 3326 qui
615 3247 648 3310 M
651 3247 801 3312 atheseos
822 3246 901 3312 libri
921 3246 1015 3311 tertii
1031 3254 1130 3327 caput
1153 3253 1282 3312 sextum
1297 3251 1402 3312 totum
1417 3245 1539 3312 Veneri

358 3350 467 3415 dedit:
490 3353 574 3430 qnod
598 3351 699 3416 adeas
718 3355 803 3432 peto,
825 3349 854 3414 si
877 3353 917 3415 de
939 3349 990 3415 bis
1006 3348 1212 3430 opinionibus
1235 3350 1393 3416 seriorum
1416 3356 1539 3430 tempo·

358 3473 430 3518 rum
453 3453 573 3518 certior
602 3452 674 3519 fieri
705 3452 804 3535 cupis.
856 3452 943 3534 Quin
971 3453 1071 3518 etiam
1104 3471 1122 3516 e
1146 3452 1380 3518 Chaldaeorum
1410 3453 1539 3517 rollone

358 3561 471 3621 natum
491 3555 631 3639 videtur,
654 3558 739 3636 quod
754 3557 936 3620 desultores
952 3554 1114 3620 circenses
1129 3554 1206 3619 huic
1220 3555 1339 3620 stellae
1354 3573 1389 3618 se
1404 3556 1539 3619 manda·

358 3659 450 3723 bant.
493 3658 584 3723 Dicit
603 3658 688 3722 enlm
710 3657 856 3723 Isidorus
878 3659 958 3738 orig.
974 3657 1092 3722 XVIII
1107 3658 1158 3739 36,
1182 3659 1216 3722 1:
1239 3657 1404 3722 desultores
1413 3656 1439 3741 ²)
1463 3658 1539 3722 luet

447 3794 466 3862 ¹)
484 3794 518 3847 H.
546 3795 642 3862 Kopp
669 3792 890 3862 Palacopraplu'a
919 3791 1017 3846 crc'tc'ca
1042 3794 1088 3846 III
1113 3810 1138 3861 p.
1166 3793 1295 3862 333sqq.;
1331 3795 1362 3848 A.
1387 3793 1540 3847 Bouche-

359 3880 525 3946 Leclercq
548 3877 728 3947 L’astrolopr‘c
744 3895 857 3948 yrecpuc
876 3894 903 3945 p.
921 3877 1001 3945 88sq.
1021 3879 1149 3946 324sqq.;
1177 3879 1207 3932 n.
1227 3879 1340 3933 Maass
1366 3879 1540 3948 Tayespd'tter

358 3981 384 4032 p.
404 3964 468 4032 1523
486 3965 640 4018 Roscber
664 3965 750 4031 Myth.
770 3965 835 4018 Lex.
853 3981 874 4017 s.
893 3981 919 4018 v.
938 3963 1073 4017 Pluuctcu
1090 3982 1115 4032 p.
1135 3964 1211 4018 2535.

446 4050 466 4115 ²)
485 4051 552 4104 Cum
582 4051 611 4104 in
647 4049 686 4103 eis
711 4066 780 4116 quae
804 4051 970 4104 antecedunt
998 4051 1118 4105 Isidorus
1142 4051 1174 4103 de
1199 4049 1276 4118 equis
1300 4056 1381 4119 agat,
1406 4049 1539 4104 Areralus

360 4135 460 4203 (equos)
478 4134 640 4188 desultorios
658 4135 774 4189 scribere
786 4136 912 4190 malebat.
937 4135 1012 4202 Quod
1025 4136 1222 4206 reprobemus,
1236 4153 1266 4190 eo
1279 4135 1448 4204 impedimur,
1467 4135 1540 4201 qnod

358 4220 582 4287 insequentibus
600 4220 720 4274 Isidorus
738 4221 832 4275 XVIII
851 4221 885 4274 39
908 4238 962 4275 non
980 4221 1143 4275 desultorios
1167 4222 1288 4290 explicat
1311 4223 1359 4276 sed
1383 4219 1540 4274 desultores.

360 4305 421 4373 cpul
439 4302 568 4358 circenses
587 4322 647 4360 cum
665 4306 775 4360 lucifero
794 4314 986 4374 comparantur
1004 4324 1021 4360 a
1039 4306 1157 4361 Cassiod.
1177 4308 1242 4361 Var.
1262 4306 1307 4360 ΙΙΙ
1324 4307 1366 4363 bl.
