<?xml version="1.0" encoding="UTF-8"?>
<!DOCTYPE html PUBLIC "-//W3C//DTD XHTML 1.0 Transitional//EN"
    "http://www.w3.org/TR/xhtml1/DTD/xhtml1-transitional.dtd">
<html xmlns="http://www.w3.org/1999/xhtml" xml:lang="en" lang="en">
 <head>
  <title>
</title>
<meta http-equiv="Content-Type" content="text/html;charset=utf-8" />
  <meta name='ocr-system' content='tesseract 3.04.00' />
  <meta name='ocr-capabilities' content='ocr_page ocr_carea ocr_par ocr_line ocrx_word'/>
</head>
<body>
  <div class='ocr_page' id='page_1' title='image "./destellarumappe00gundgoog_0023.png"; bbox 0 0 3278 4964; ppageno 0'>
   <div class='ocr_carea' id='block_1_1' title="bbox 238 398 1414 487">
    <p class='ocr_par' dir='ltr' id='par_1_1' title="bbox 238 398 1414 487">
     <span class='ocr_line' id='line_1_1' title="bbox 238 398 1414 487; baseline -0.001 -33"><span class='ocrx_word' id='word_1_1' title='bbox 238 400 301 466; x_wconf 79' lang='lat'><strong>106</strong></span> <span class='ocrx_word' id='word_1_2' title='bbox 687 398 839 453; x_wconf 78' lang='lat' dir='ltr'>Guilelmus</span> <span class='ocrx_word' id='word_1_3' title='bbox 856 398 964 454; x_wconf 85' lang='lat' dir='ltr'><strong>Gundel</strong></span> <span class='ocrx_word' id='word_1_4' title='bbox 1358 401 1414 487; x_wconf 74' lang='lat'><strong>[14</strong></span> 
     </span>
    </p>
   </div>
   <div class='ocr_carea' id='block_1_2' title="bbox 222 568 1413 4027">
    <p class='ocr_par' dir='ltr' id='par_1_2' title="bbox 233 568 1413 1366">
     <span class='ocr_line' id='line_1_2' title="bbox 235 568 1413 652; baseline 0.004 -19"><span class='ocrx_word' id='word_1_5' title='bbox 235 569 279 633; x_wconf 85' lang='lat' dir='ltr'><strong>ad</strong></span> <span class='ocrx_word' id='word_1_6' title='bbox 300 568 449 632; x_wconf 77' lang='lat' dir='ltr'><strong>diurnam</strong></span> <span class='ocrx_word' id='word_1_7' title='bbox 467 569 587 634; x_wconf 81' lang='lat' dir='ltr'><strong>stellam</strong></span> <span class='ocrx_word' id='word_1_8' title='bbox 607 568 776 632; x_wconf 75' lang='lat' dir='ltr'><strong>martinam</strong></span> <span class='ocrx_word' id='word_1_9' title='bbox 789 569 969 648; x_wconf 71' lang='grc'>6616116161</span> <span class='ocrx_word' id='word_1_10' title='bbox 1012 569 1086 634; x_wconf 83' lang='grc' dir='ltr'><strong>Η16</strong></span> <span class='ocrx_word' id='word_1_11' title='bbox 1101 588 1180 637; x_wconf 86' lang='lat' dir='ltr'><strong>voce</strong></span> <span class='ocrx_word' id='word_1_12' title='bbox 1199 570 1297 636; x_wconf 88' lang='lat' dir='ltr'><strong>stella</strong></span> <span class='ocrx_word' id='word_1_13' title='bbox 1311 571 1413 652; x_wconf 88' lang='lat' dir='ltr'><strong>signi-</strong></span> 
     </span>
     <span class='ocr_line' id='line_1_3' title="bbox 235 669 1412 755; baseline 0.004 -18"><span class='ocrx_word' id='word_1_14' title='bbox 235 672 357 737; x_wconf 89' lang='lat' dir='ltr'><strong>ficatur</strong></span> <span class='ocrx_word' id='word_1_15' title='bbox 378 690 463 752; x_wconf 89' lang='lat' dir='ltr'><strong>quae</strong></span> <span class='ocrx_word' id='word_1_16' title='bbox 483 671 602 736; x_wconf 89' lang='lat' dir='ltr'><strong>diurna</strong></span> <span class='ocrx_word' id='word_1_17' title='bbox 617 675 668 736; x_wconf 88' lang='grc'><strong>611</strong></span> <span class='ocrx_word' id='word_1_18' title='bbox 686 669 706 735; x_wconf 78' lang='lat' dir='ltr'><strong>i.</strong></span> <span class='ocrx_word' id='word_1_19' title='bbox 728 688 755 735; x_wconf 92' lang='lat' dir='ltr'><strong>e.</strong></span> <span class='ocrx_word' id='word_1_20' title='bbox 776 669 811 735; x_wconf 92' lang='lat' dir='ltr'><strong>in</strong></span> <span class='ocrx_word' id='word_1_21' title='bbox 827 670 913 737; x_wconf 90' lang='lat' dir='ltr'><strong>diem</strong></span> <span class='ocrx_word' id='word_1_22' title='bbox 935 672 990 737; x_wconf 88' lang='lat' dir='ltr'><strong>vel</strong></span> <span class='ocrx_word' id='word_1_23' title='bbox 1011 671 1047 737; x_wconf 92' lang='lat' dir='ltr'><strong>in</strong></span> <span class='ocrx_word' id='word_1_24' title='bbox 1062 672 1116 737; x_wconf 91' lang='lat' dir='ltr'><strong>die</strong></span> <span class='ocrx_word' id='word_1_25' title='bbox 1138 671 1254 738; x_wconf 88' lang='lat' dir='ltr'><strong>elucet.</strong></span> <span class='ocrx_word' id='word_1_26' title='bbox 1298 673 1412 755; x_wconf 83' lang='lat' dir='ltr'>Neque</span> 
     </span>
     <span class='ocr_line' id='line_1_4' title="bbox 235 772 1413 858; baseline 0.002 -18"><span class='ocrx_word' id='word_1_27' title='bbox 235 774 320 840; x_wconf 86' lang='lat' dir='ltr'><strong>enirn</strong></span> <span class='ocrx_word' id='word_1_28' title='bbox 343 773 539 856; x_wconf 85' lang='lat' dir='ltr'><strong>putaverim,</strong></span> <span class='ocrx_word' id='word_1_29' title='bbox 568 772 759 838; x_wconf 88' lang='lat' dir='ltr'><strong>ioculariter</strong></span> <span class='ocrx_word' id='word_1_30' title='bbox 789 774 871 838; x_wconf 90' lang='lat' dir='ltr'><strong>haec</strong></span> <span class='ocrx_word' id='word_1_31' title='bbox 893 775 934 839; x_wconf 92' lang='lat' dir='ltr'><strong>de</strong></span> <span class='ocrx_word' id='word_1_32' title='bbox 962 773 1034 855; x_wconf 86' lang='lat' dir='ltr'><strong>ipso</strong></span> <span class='ocrx_word' id='word_1_33' title='bbox 1063 775 1130 840; x_wconf 92' lang='lat' dir='ltr'><strong>sole</strong></span> <span class='ocrx_word' id='word_1_34' title='bbox 1161 774 1234 858; x_wconf 91' lang='lat' dir='ltr'><strong>dici,</strong></span> <span class='ocrx_word' id='word_1_35' title='bbox 1261 777 1413 856; x_wconf 88' lang='lat' dir='ltr'><strong>quoniam</strong></span> 
     </span>
     <span class='ocr_line' id='line_1_5' title="bbox 233 874 1412 959; baseline 0.002 -17"><span class='ocrx_word' id='word_1_36' title='bbox 233 877 332 943; x_wconf 87' lang='lat' dir='ltr'><strong>stella</strong></span> <span class='ocrx_word' id='word_1_37' title='bbox 347 895 419 959; x_wconf 84' lang='lat' dir='ltr'><strong>vox,</strong></span> <span class='ocrx_word' id='word_1_38' title='bbox 438 880 596 956; x_wconf 86' lang='lat' dir='ltr'><strong>quantum</strong></span> <span class='ocrx_word' id='word_1_39' title='bbox 611 874 715 956; x_wconf 86' lang='lat' dir='ltr'><strong>video,</strong></span> <span class='ocrx_word' id='word_1_40' title='bbox 738 893 911 956; x_wconf 82' lang='lat' dir='ltr'><strong>numquam</strong></span> <span class='ocrx_word' id='word_1_41' title='bbox 928 879 971 941; x_wconf 90' lang='lat' dir='ltr'><strong>ad</strong></span> <span class='ocrx_word' id='word_1_42' title='bbox 992 876 1116 941; x_wconf 91' lang='lat' dir='ltr'><strong>maiora</strong></span> <span class='ocrx_word' id='word_1_43' title='bbox 1130 876 1240 943; x_wconf 88' lang='lat' dir='ltr'><strong>sidera</strong></span> <span class='ocrx_word' id='word_1_44' title='bbox 1254 896 1299 944; x_wconf 89' lang='lat' dir='ltr'><strong>sc.</strong></span> <span class='ocrx_word' id='word_1_45' title='bbox 1313 879 1412 944; x_wconf 89' lang='lat' dir='ltr'><strong>solem</strong></span> 
     </span>
     <span class='ocr_line' id='line_1_6' title="bbox 234 976 1412 1060; baseline 0 -13"><span class='ocrx_word' id='word_1_46' title='bbox 234 980 289 1048; x_wconf 88' lang='lat' dir='ltr'><strong>vel</strong></span> <span class='ocrx_word' id='word_1_47' title='bbox 310 980 421 1045; x_wconf 93' lang='lat' dir='ltr'><strong>lunam</strong></span> <span class='ocrx_word' id='word_1_48' title='bbox 442 976 653 1044; x_wconf 79' lang='lat' dir='ltr'><strong>transfertur.</strong></span> <span class='ocrx_word' id='word_1_49' title='bbox 696 979 816 1044; x_wconf 88' lang='lat' dir='ltr'><strong>Utrum</strong></span> <span class='ocrx_word' id='word_1_50' title='bbox 839 979 922 1044; x_wconf 85' lang='lat' dir='ltr'><strong>hanc</strong></span> <span class='ocrx_word' id='word_1_51' title='bbox 952 979 1208 1060; x_wconf 77' lang='lat' dir='ltr'><strong>appellationem</strong></span> <span class='ocrx_word' id='word_1_52' title='bbox 1229 981 1371 1046; x_wconf 89' lang='lat' dir='ltr'><strong>Plautus</strong></span> <span class='ocrx_word' id='word_1_53' title='bbox 1393 1001 1412 1047; x_wconf 88' lang='lat' dir='ltr'><strong>e</strong></span> 
     </span>
     <span class='ocr_line' id='line_1_7' title="bbox 234 1080 1412 1162; baseline 0.002 -15"><span class='ocrx_word' id='word_1_54' title='bbox 234 1081 368 1162; x_wconf 83' lang='lat' dir='ltr'><strong>vulgari</strong></span> <span class='ocrx_word' id='word_1_55' title='bbox 396 1099 543 1146; x_wconf 86' lang='lat' dir='ltr'><strong>sermone</strong></span> <span class='ocrx_word' id='word_1_56' title='bbox 571 1080 730 1162; x_wconf 76' lang='lat' dir='ltr'><strong>hauserit</strong></span> <span class='ocrx_word' id='word_1_57' title='bbox 760 1099 803 1146; x_wconf 88' lang='lat' dir='ltr'><strong>an</strong></span> <span class='ocrx_word' id='word_1_58' title='bbox 825 1080 895 1161; x_wconf 90' lang='lat' dir='ltr'><strong>ipse</strong></span> <span class='ocrx_word' id='word_1_59' title='bbox 925 1080 1024 1146; x_wconf 90' lang='lat' dir='ltr'><strong>metri</strong></span> <span class='ocrx_word' id='word_1_60' title='bbox 1053 1082 1252 1148; x_wconf 82' lang='lat' dir='ltr'><strong>necessitate</strong></span> <span class='ocrx_word' id='word_1_61' title='bbox 1281 1088 1412 1149; x_wconf 88' lang='lat' dir='ltr'><strong>coactus</strong></span> 
     </span>
     <span class='ocr_line' id='line_1_8' title="bbox 234 1182 1411 1265; baseline 0.001 -16"><span class='ocrx_word' id='word_1_62' title='bbox 234 1183 416 1265; x_wconf 83' lang='lat' dir='ltr'><strong>invenerit,</strong></span> <span class='ocrx_word' id='word_1_63' title='bbox 446 1182 628 1247; x_wconf 89' lang='lat' dir='ltr'><strong>diiudicare</strong></span> <span class='ocrx_word' id='word_1_64' title='bbox 657 1183 783 1264; x_wconf 88' lang='lat' dir='ltr'><strong>nescio;</strong></span> <span class='ocrx_word' id='word_1_65' title='bbox 820 1183 977 1249; x_wconf 87' lang='lat' dir='ltr'><strong>asseclam</strong></span> <span class='ocrx_word' id='word_1_66' title='bbox 1013 1189 1102 1250; x_wconf 90' lang='lat' dir='ltr'><strong>certe</strong></span> <span class='ocrx_word' id='word_1_67' title='bbox 1138 1184 1227 1250; x_wconf 89' lang='lat' dir='ltr'><strong>inter</strong></span> <span class='ocrx_word' id='word_1_68' title='bbox 1255 1185 1411 1252; x_wconf 84' lang='lat' dir='ltr'><strong>librorum</strong></span> 
     </span>
     <span class='ocr_line' id='line_1_9' title="bbox 234 1286 717 1366; baseline 0.002 -16"><span class='ocrx_word' id='word_1_69' title='bbox 234 1290 385 1351; x_wconf 89' lang='lat' dir='ltr'><strong>auctores</strong></span> <span class='ocrx_word' id='word_1_70' title='bbox 407 1304 471 1351; x_wconf 91' lang='lat' dir='ltr'><strong>non</strong></span> <span class='ocrx_word' id='word_1_71' title='bbox 494 1286 632 1366; x_wconf 90' lang='lat' dir='ltr'><strong>adeptus</strong></span> <span class='ocrx_word' id='word_1_72' title='bbox 655 1290 717 1351; x_wconf 88' lang='grc'>611.</span> 
     </span>
    </p>

    <p class='ocr_par' dir='ltr' id='par_1_3' title="bbox 222 1387 1413 4027">
     <span class='ocr_line' id='line_1_10' title="bbox 319 1387 1412 1471; baseline 0.005 -21"><span class='ocrx_word' id='word_1_73' title='bbox 319 1387 461 1471; x_wconf 80' lang='lat' dir='ltr'><strong>ludar,</strong></span> <span class='ocrx_word' id='word_1_74' title='bbox 488 1389 613 1452; x_wconf 75' lang='lat' dir='ltr'><strong>-artsz</strong></span> <span class='ocrx_word' id='word_1_75' title='bbox 636 1390 718 1454; x_wconf 89' lang='lat' dir='ltr'><strong>haec</strong></span> <span class='ocrx_word' id='word_1_76' title='bbox 740 1387 917 1468; x_wconf 86' lang='lat' dir='ltr'><strong>appellatio</strong></span> <span class='ocrx_word' id='word_1_77' title='bbox 939 1387 1017 1453; x_wconf 89' lang='lat' dir='ltr'><strong>indo</strong></span> <span class='ocrx_word' id='word_1_78' title='bbox 1033 1390 1075 1454; x_wconf 89' lang='lat' dir='ltr'><strong>ab</strong></span> <span class='ocrx_word' id='word_1_79' title='bbox 1091 1388 1200 1455; x_wconf 77' lang='lat' dir='ltr'><strong>Ennio</strong></span> <span class='ocrx_word' id='word_1_80' title='bbox 1216 1395 1250 1455; x_wconf 90' lang='lat' dir='ltr'><strong>et</strong></span> <span class='ocrx_word' id='word_1_81' title='bbox 1265 1390 1412 1458; x_wconf 90' lang='lat' dir='ltr'><strong>Pacuvio</strong></span> 
     </span>
     <span class='ocr_line' id='line_1_11' title="bbox 234 1489 1412 1573; baseline 0.002 -17"><span class='ocrx_word' id='word_1_82' title='bbox 234 1496 415 1572; x_wconf 86' lang='lat' dir='ltr'><strong>usurpatur</strong></span> <span class='ocrx_word' id='word_1_83' title='bbox 443 1493 484 1557; x_wconf 92' lang='lat' dir='ltr'><strong>ad</strong></span> <span class='ocrx_word' id='word_1_84' title='bbox 514 1491 623 1556; x_wconf 90' lang='lat' dir='ltr'><strong>lumen</strong></span> <span class='ocrx_word' id='word_1_85' title='bbox 650 1491 712 1556; x_wconf 91' lang='lat' dir='ltr'><strong>soli</strong></span> <span class='ocrx_word' id='word_1_86' title='bbox 749 1509 966 1572; x_wconf 88' lang='lat' dir='ltr'><strong>praecurrens</strong></span> <span class='ocrx_word' id='word_1_87' title='bbox 1001 1489 1258 1573; x_wconf 87' lang='lat' dir='ltr'><strong>significandum.</strong></span> <span class='ocrx_word' id='word_1_88' title='bbox 1311 1492 1412 1559; x_wconf 83' lang='lat' dir='ltr'><strong>Ennii</strong></span> 
     </span>
     <span class='ocr_line' id='line_1_12' title="bbox 233 1593 1413 1675; baseline 0.003 -16"><span class='ocrx_word' id='word_1_89' title='bbox 233 1612 350 1660; x_wconf 83' lang='lat' dir='ltr'><strong>versus</strong></span> <span class='ocrx_word' id='word_1_90' title='bbox 372 1600 450 1659; x_wconf 90' lang='lat' dir='ltr'><strong>sunt</strong></span> <span class='ocrx_word' id='word_1_91' title='bbox 471 1594 670 1660; x_wconf 85' lang='lat' dir='ltr'><strong>recensionis</strong></span> <span class='ocrx_word' id='word_1_92' title='bbox 692 1593 921 1659; x_wconf 86' lang='lat' dir='ltr'><strong>Vahlenianae</strong></span> <span class='ocrx_word' id='word_1_93' title='bbox 950 1593 1103 1675; x_wconf 84' lang='lat' dir='ltr'><strong>iteratae,</strong></span> <span class='ocrx_word' id='word_1_94' title='bbox 1133 1595 1226 1660; x_wconf 89' lang='lat' dir='ltr'><strong>cuius</strong></span> <span class='ocrx_word' id='word_1_95' title='bbox 1256 1594 1413 1662; x_wconf 90' lang='lat' dir='ltr'><strong>lectiones</strong></span> 
     </span>
     <span class='ocr_line' id='line_1_13' title="bbox 232 1695 1411 1778; baseline 0.002 -17"><span class='ocrx_word' id='word_1_96' title='bbox 232 1696 456 1778; x_wconf 88' lang='lat' dir='ltr'><strong>p1·obo,Sceu.</strong></span> <span class='ocrx_word' id='word_1_97' title='bbox 486 1698 543 1761; x_wconf 84' lang='lat'><strong>37:</strong></span> <span class='ocrx_word' id='word_1_98' title='bbox 575 1696 630 1759; x_wconf 83' lang='grc'><strong>166</strong></span> <span class='ocrx_word' id='word_1_99' title='bbox 658 1696 763 1759; x_wconf 79' lang='lat' dir='ltr'><strong>durren</strong></span> <span class='ocrx_word' id='word_1_100' title='bbox 789 1696 947 1759; x_wconf 76' lang='lat' dir='ltr'><strong>dobornest</strong></span> <span class='ocrx_word' id='word_1_101' title='bbox 976 1695 1058 1777; x_wconf 78' lang='lat' dir='ltr'><strong>qood</strong></span> <span class='ocrx_word' id='word_1_102' title='bbox 1085 1698 1122 1759; x_wconf 83' lang='grc'><strong>16</strong></span> <span class='ocrx_word' id='word_1_103' title='bbox 1148 1698 1229 1760; x_wconf 81' lang='lat' dir='ltr'><strong>coelo</strong></span> <span class='ocrx_word' id='word_1_104' title='bbox 1259 1717 1348 1761; x_wconf 77' lang='lat' dir='ltr'><strong>cerno</strong></span> <span class='ocrx_word' id='word_1_105' title='bbox 1377 1705 1411 1764; x_wconf 87' lang='lat' dir='ltr'><strong>et</strong></span> 
     </span>
     <span class='ocr_line' id='line_1_14' title="bbox 232 1798 1412 1880; baseline 0.002 -17"><span class='ocrx_word' id='word_1_106' title='bbox 232 1800 318 1863; x_wconf 79' lang='lat' dir='ltr'><strong>Aun.</strong></span> <span class='ocrx_word' id='word_1_107' title='bbox 340 1799 418 1863; x_wconf 81' lang='lat'>547:</span> <span class='ocrx_word' id='word_1_108' title='bbox 440 1800 558 1861; x_wconf 73' lang='grc'>1616666</span> <span class='ocrx_word' id='word_1_109' title='bbox 570 1798 657 1877; x_wconf 74' lang='lat' dir='ltr'><strong>sopit</strong></span> <span class='ocrx_word' id='word_1_110' title='bbox 677 1798 767 1862; x_wconf 78' lang='grc'>61166</span> <span class='ocrx_word' id='word_1_111' title='bbox 780 1798 873 1861; x_wconf 77' lang='lat' dir='ltr'><strong>iubar</strong></span> <span class='ocrx_word' id='word_1_112' title='bbox 886 1798 1075 1880; x_wconf 63' lang='lat' dir='ltr'><strong>Hyperiona</strong></span> <span class='ocrx_word' id='word_1_113' title='bbox 1092 1819 1228 1864; x_wconf 77' lang='lat' dir='ltr'><strong>cursam.</strong></span> <span class='ocrx_word' id='word_1_114' title='bbox 1271 1801 1412 1867; x_wconf 85' lang='lat' dir='ltr'><strong>Pacuvii</strong></span> 
     </span>
     <span class='ocr_line' id='line_1_15' title="bbox 232 1899 1411 1982; baseline 0.002 -17"><span class='ocrx_word' id='word_1_115' title='bbox 232 1900 336 1965; x_wconf 87' lang='lat' dir='ltr'><strong>verba</strong></span> <span class='ocrx_word' id='word_1_116' title='bbox 351 1900 386 1964; x_wconf 93' lang='lat' dir='ltr'><strong>in</strong></span> <span class='ocrx_word' id='word_1_117' title='bbox 401 1899 577 1966; x_wconf 88' lang='lat' dir='ltr'><strong>Ribbeckii</strong></span> <span class='ocrx_word' id='word_1_118' title='bbox 593 1900 807 1981; x_wconf 82' lang='lat' dir='ltr'><strong>Tragicorum</strong></span> <span class='ocrx_word' id='word_1_119' title='bbox 818 1901 1036 1966; x_wconf 87' lang='lat' dir='ltr'><strong>Romanorum</strong></span> <span class='ocrx_word' id='word_1_120' title='bbox 1046 1899 1240 1982; x_wconf 80' lang='lat' dir='ltr'><strong>fragmentis</strong></span> <span class='ocrx_word' id='word_1_121' title='bbox 1254 1902 1411 1981; x_wconf 88' lang='lat' dir='ltr'><strong>leguntur</strong></span> 
     </span>
     <span class='ocr_line' id='line_1_16' title="bbox 232 2002 1411 2084; baseline 0.002 -19"><span class='ocrx_word' id='word_1_122' title='bbox 232 2002 268 2066; x_wconf 91' lang='lat' dir='ltr'><strong>in</strong></span> <span class='ocrx_word' id='word_1_123' title='bbox 291 2002 434 2067; x_wconf 88' lang='lat' dir='ltr'><strong>editione</strong></span> <span class='ocrx_word' id='word_1_124' title='bbox 457 2002 559 2066; x_wconf 88' lang='lat' dir='ltr'><strong>tertia</strong></span> <span class='ocrx_word' id='word_1_125' title='bbox 580 2021 611 2083; x_wconf 91' lang='lat' dir='ltr'><strong>p.</strong></span> <span class='ocrx_word' id='word_1_126' title='bbox 634 2003 697 2068; x_wconf 89' lang='lat'><strong>140</strong></span> <span class='ocrx_word' id='word_1_127' title='bbox 724 2021 756 2069; x_wconf 84' lang='lat' dir='ltr'><strong>v.</strong></span> <span class='ocrx_word' id='word_1_128' title='bbox 777 2003 856 2067; x_wconf 75' lang='lat'><strong>347:</strong></span> <span class='ocrx_word' id='word_1_129' title='bbox 889 2011 992 2066; x_wconf 76' lang='lat' dir='ltr'><strong>comto</strong></span> <span class='ocrx_word' id='word_1_130' title='bbox 1020 2003 1138 2084; x_wconf 78' lang='lat' dir='ltr'><strong>iubare,</strong></span> <span class='ocrx_word' id='word_1_131' title='bbox 1167 2003 1264 2066; x_wconf 84' lang='grc'>666111</span> <span class='ocrx_word' id='word_1_132' title='bbox 1285 2002 1411 2067; x_wconf 77' lang='lat' dir='ltr'><strong>decurso</strong></span> 
     </span>
     <span class='ocr_line' id='line_1_17' title="bbox 229 2104 1411 2185; baseline 0.003 -19"><span class='ocrx_word' id='word_1_133' title='bbox 229 2105 350 2170; x_wconf 72' lang='grc'>1116666.</span> <span class='ocrx_word' id='word_1_134' title='bbox 379 2105 449 2170; x_wconf 88' lang='lat' dir='ltr'><strong>Hos</strong></span> <span class='ocrx_word' id='word_1_135' title='bbox 465 2104 704 2172; x_wconf 86' lang='lat' dir='ltr'><strong>vetustissimos</strong></span> <span class='ocrx_word' id='word_1_136' title='bbox 720 2110 835 2185; x_wconf 88' lang='lat' dir='ltr'><strong>poetas</strong></span> <span class='ocrx_word' id='word_1_137' title='bbox 850 2105 1050 2171; x_wconf 85' lang='lat' dir='ltr'><strong>recentiores</strong></span> <span class='ocrx_word' id='word_1_138' title='bbox 1065 2104 1121 2185; x_wconf 93' lang='lat' dir='ltr'><strong>qui</strong></span> <span class='ocrx_word' id='word_1_139' title='bbox 1139 2104 1275 2170; x_wconf 82' lang='lat' dir='ltr'><strong>fuerunt</strong></span> <span class='ocrx_word' id='word_1_140' title='bbox 1289 2105 1411 2170; x_wconf 90' lang='lat' dir='ltr'><strong>imitati</strong></span> 
     </span>
     <span class='ocr_line' id='line_1_18' title="bbox 232 2206 1411 2296; baseline 0.002 -25"><span class='ocrx_word' id='word_1_141' title='bbox 232 2210 319 2290; x_wconf 87' lang='lat' dir='ltr'><strong>sunt,</strong></span> <span class='ocrx_word' id='word_1_142' title='bbox 345 2225 416 2296; x_wconf 90' lang='lat' dir='ltr'><strong>cum</strong></span> <span class='ocrx_word' id='word_1_143' title='bbox 439 2206 495 2287; x_wconf 93' lang='lat' dir='ltr'><strong>qui</strong></span> <span class='ocrx_word' id='word_1_144' title='bbox 518 2208 657 2272; x_wconf 86' lang='lat' dir='ltr'><strong>solutam</strong></span> <span class='ocrx_word' id='word_1_145' title='bbox 674 2208 853 2273; x_wconf 88' lang='lat' dir='ltr'><strong>orationem</strong></span> <span class='ocrx_word' id='word_1_146' title='bbox 869 2208 1054 2273; x_wconf 88' lang='lat' dir='ltr'><strong>scriberent</strong></span> <span class='ocrx_word' id='word_1_147' title='bbox 1076 2225 1186 2272; x_wconf 91' lang='lat' dir='ltr'><strong>vocem</strong></span> <span class='ocrx_word' id='word_1_148' title='bbox 1205 2206 1299 2270; x_wconf 73' lang='grc'>16166</span> <span class='ocrx_word' id='word_1_149' title='bbox 1321 2227 1411 2288; x_wconf 90' lang='lat' dir='ltr'><strong>sper·</strong></span> 
     </span>
     <span class='ocr_line' id='line_1_19' title="bbox 232 2309 1411 2392; baseline 0.003 -19"><span class='ocrx_word' id='word_1_150' title='bbox 232 2314 350 2375; x_wconf 88' lang='lat' dir='ltr'><strong>nerent</strong></span> <span class='ocrx_word' id='word_1_151' title='bbox 364 2317 499 2390; x_wconf 88' lang='lat' dir='ltr'><strong>praeter</strong></span> <span class='ocrx_word' id='word_1_152' title='bbox 510 2309 747 2392; x_wconf 89' lang='lat' dir='ltr'><strong>grammaticos.</strong></span> <span class='ocrx_word' id='word_1_153' title='bbox 771 2309 899 2392; x_wconf 77' lang='lat' dir='ltr'><strong>Quibus</strong></span> <span class='ocrx_word' id='word_1_154' title='bbox 914 2315 949 2376; x_wconf 90' lang='grc'><strong>61</strong></span> <span class='ocrx_word' id='word_1_155' title='bbox 960 2309 1039 2392; x_wconf 91' lang='lat' dir='ltr'><strong>ipsis</strong></span> <span class='ocrx_word' id='word_1_156' title='bbox 1051 2311 1136 2375; x_wconf 87' lang='lat' dir='ltr'><strong>locos</strong></span> <span class='ocrx_word' id='word_1_157' title='bbox 1151 2313 1244 2375; x_wconf 91' lang='lat' dir='ltr'><strong>modo</strong></span> <span class='ocrx_word' id='word_1_158' title='bbox 1258 2310 1411 2376; x_wconf 89' lang='lat' dir='ltr'><strong>laudatos</strong></span> 
     </span>
     <span class='ocr_line' id='line_1_20' title="bbox 233 2411 1411 2494; baseline 0.003 -18"><span class='ocrx_word' id='word_1_159' title='bbox 233 2412 397 2478; x_wconf 90' lang='lat' dir='ltr'><strong>debemus.</strong></span> <span class='ocrx_word' id='word_1_160' title='bbox 449 2412 663 2478; x_wconf 82' lang='lat' dir='ltr'><strong>Grammatioi</strong></span> <span class='ocrx_word' id='word_1_161' title='bbox 693 2411 779 2478; x_wconf 90' lang='lat' dir='ltr'><strong>enim</strong></span> <span class='ocrx_word' id='word_1_162' title='bbox 809 2413 913 2479; x_wconf 87' lang='lat' dir='ltr'><strong>variis</strong></span> <span class='ocrx_word' id='word_1_163' title='bbox 942 2413 1054 2494; x_wconf 80' lang='lat' dir='ltr'><strong>modis</strong></span> <span class='ocrx_word' id='word_1_164' title='bbox 1085 2417 1123 2478; x_wconf 90' lang='lat' dir='ltr'><strong>ut</strong></span> <span class='ocrx_word' id='word_1_165' title='bbox 1144 2412 1243 2478; x_wconf 84' lang='lat' dir='ltr'><strong>hulus</strong></span> <span class='ocrx_word' id='word_1_166' title='bbox 1272 2412 1411 2479; x_wconf 90' lang='lat' dir='ltr'><strong>nominis</strong></span> 
     </span>
     <span class='ocr_line' id='line_1_21' title="bbox 233 2514 1411 2598; baseline 0.001 -19"><span class='ocrx_word' id='word_1_167' title='bbox 233 2514 393 2597; x_wconf 81' lang='lat' dir='ltr'><strong>originem</strong></span> <span class='ocrx_word' id='word_1_168' title='bbox 421 2516 642 2597; x_wconf 82' lang='lat' dir='ltr'><strong>enuclearent,</strong></span> <span class='ocrx_word' id='word_1_169' title='bbox 671 2519 820 2598; x_wconf 89' lang='lat' dir='ltr'><strong>egerunt.</strong></span> <span class='ocrx_word' id='word_1_170' title='bbox 863 2516 1096 2582; x_wconf 86' lang='lat' dir='ltr'><strong>Recentiorum</strong></span> <span class='ocrx_word' id='word_1_171' title='bbox 1118 2516 1258 2596; x_wconf 88' lang='lat' dir='ltr'><strong>primum</strong></span> <span class='ocrx_word' id='word_1_172' title='bbox 1282 2515 1411 2597; x_wconf 89' lang='lat' dir='ltr'><strong>quidem</strong></span> 
     </span>
     <span class='ocr_line' id='line_1_22' title="bbox 231 2617 1411 2700; baseline 0.002 -19"><span class='ocrx_word' id='word_1_173' title='bbox 231 2617 483 2700; x_wconf 88' lang='lat' dir='ltr'><strong>mythologicam</strong></span> <span class='ocrx_word' id='word_1_174' title='bbox 514 2619 605 2684; x_wconf 90' lang='lat' dir='ltr'><strong>vocis</strong></span> <span class='ocrx_word' id='word_1_175' title='bbox 641 2618 781 2697; x_wconf 88' lang='lat' dir='ltr'><strong>protulit</strong></span> <span class='ocrx_word' id='word_1_176' title='bbox 802 2618 1113 2698; x_wconf 90' lang='lat' dir='ltr'><strong>interpretationem</strong></span> <span class='ocrx_word' id='word_1_177' title='bbox 1136 2618 1174 2683; x_wconf 89' lang='lat' dir='ltr'><strong>R.</strong></span> <span class='ocrx_word' id='word_1_178' title='bbox 1198 2617 1411 2683; x_wconf 86' lang='lat' dir='ltr'><strong>Garrucci</strong></span> 
     </span>
     <span class='ocr_line' id='line_1_23' title="bbox 233 2718 1410 2802; baseline 0.001 -21"><span class='ocrx_word' id='word_1_179' title='bbox 233 2718 371 2802; x_wconf 72' lang='lat' dir='ltr'><strong>(Annali</strong></span> <span class='ocrx_word' id='word_1_180' title='bbox 385 2719 544 2782; x_wconf 80' lang='grc'>16111611.</span> <span class='ocrx_word' id='word_1_181' title='bbox 561 2719 596 2781; x_wconf 81' lang='grc'><strong>611</strong></span> <span class='ocrx_word' id='word_1_182' title='bbox 611 2738 688 2783; x_wconf 81' lang='lat' dir='ltr'><strong>corr.</strong></span> <span class='ocrx_word' id='word_1_183' title='bbox 702 2718 831 2781; x_wconf 78' lang='lat' dir='ltr'><strong>orcdeol.</strong></span> <span class='ocrx_word' id='word_1_184' title='bbox 843 2719 999 2782; x_wconf 88' lang='lat' dir='ltr'>XXXIII</span> <span class='ocrx_word' id='word_1_185' title='bbox 1012 2720 1094 2783; x_wconf 87' lang='grc'>1861</span> <span class='ocrx_word' id='word_1_186' title='bbox 1107 2737 1138 2798; x_wconf 92' lang='lat' dir='ltr'><strong>p.</strong></span> <span class='ocrx_word' id='word_1_187' title='bbox 1152 2718 1235 2801; x_wconf 80' lang='lat'><strong>156).</strong></span> <span class='ocrx_word' id='word_1_188' title='bbox 1263 2720 1410 2799; x_wconf 85' lang='lat' dir='ltr'><strong>Legerat</strong></span> 
     </span>
     <span class='ocr_line' id='line_1_24' title="bbox 232 2819 1411 2900; baseline -0.002 -15"><span class='ocrx_word' id='word_1_189' title='bbox 232 2819 317 2885; x_wconf 89' lang='lat' dir='ltr'><strong>enim</strong></span> <span class='ocrx_word' id='word_1_190' title='bbox 333 2821 368 2885; x_wconf 92' lang='lat' dir='ltr'><strong>in</strong></span> <span class='ocrx_word' id='word_1_191' title='bbox 384 2820 470 2885; x_wconf 86' lang='lat' dir='ltr'><strong>cista</strong></span> <span class='ocrx_word' id='word_1_192' title='bbox 492 2822 634 2899; x_wconf 90' lang='lat' dir='ltr'><strong>quadam</strong></span> <span class='ocrx_word' id='word_1_193' title='bbox 648 2821 793 2884; x_wconf 84' lang='lat' dir='ltr'><strong>Etrusca</strong></span> <span class='ocrx_word' id='word_1_194' title='bbox 812 2819 950 2884; x_wconf 85' lang='lat' dir='ltr'>IAFOR</span> <span class='ocrx_word' id='word_1_195' title='bbox 971 2819 1026 2884; x_wconf 91' lang='lat' dir='ltr'><strong>dci</strong></span> <span class='ocrx_word' id='word_1_196' title='bbox 1048 2819 1120 2885; x_wconf 88' lang='lat' dir='ltr'><strong>sive</strong></span> <span class='ocrx_word' id='word_1_197' title='bbox 1142 2819 1250 2884; x_wconf 90' lang='lat' dir='ltr'><strong>herois</strong></span> <span class='ocrx_word' id='word_1_198' title='bbox 1265 2819 1411 2900; x_wconf 89' lang='lat' dir='ltr'><strong>appella-</strong></span> 
     </span>
     <span class='ocr_line' id='line_1_25' title="bbox 230 2919 1409 3004; baseline -0.001 -17"><span class='ocrx_word' id='word_1_199' title='bbox 230 2922 361 3004; x_wconf 89' lang='lat' dir='ltr'><strong>tionem,</strong></span> <span class='ocrx_word' id='word_1_200' title='bbox 383 2940 519 3003; x_wconf 90' lang='lat' dir='ltr'><strong>eamque</strong></span> <span class='ocrx_word' id='word_1_201' title='bbox 533 2921 620 2987; x_wconf 90' lang='lat' dir='ltr'><strong>idem</strong></span> <span class='ocrx_word' id='word_1_202' title='bbox 642 2940 714 2986; x_wconf 88' lang='lat' dir='ltr'><strong>esse</strong></span> <span class='ocrx_word' id='word_1_203' title='bbox 735 2921 834 2987; x_wconf 90' lang='lat' dir='ltr'><strong>iussit</strong></span> <span class='ocrx_word' id='word_1_204' title='bbox 856 2925 957 3002; x_wconf 90' lang='lat' dir='ltr'><strong>atque</strong></span> <span class='ocrx_word' id='word_1_205' title='bbox 978 2920 1085 3002; x_wconf 89' lang='lat' dir='ltr'><strong>iubar,</strong></span> <span class='ocrx_word' id='word_1_206' title='bbox 1107 2919 1157 2986; x_wconf 87' lang='lat' dir='ltr'><strong>ita</strong></span> <span class='ocrx_word' id='word_1_207' title='bbox 1171 2927 1209 2984; x_wconf 89' lang='lat' dir='ltr'><strong>ut</strong></span> <span class='ocrx_word' id='word_1_208' title='bbox 1224 2919 1253 2984; x_wconf 92' lang='lat' dir='ltr'><strong>is</strong></span> <span class='ocrx_word' id='word_1_209' title='bbox 1269 2940 1328 3001; x_wconf 87' lang='lat' dir='ltr'><strong>pro</strong></span> <span class='ocrx_word' id='word_1_210' title='bbox 1349 2922 1409 2986; x_wconf 89' lang='lat' dir='ltr'><strong>deo</strong></span> 
     </span>
     <span class='ocr_line' id='line_1_26' title="bbox 232 3021 1410 3106; baseline -0.001 -16"><span class='ocrx_word' id='word_1_211' title='bbox 232 3027 372 3106; x_wconf 88' lang='lat' dir='ltr'><strong>cederet,</strong></span> <span class='ocrx_word' id='word_1_212' title='bbox 395 3024 448 3090; x_wconf 89' lang='lat' dir='ltr'><strong>oui</strong></span> <span class='ocrx_word' id='word_1_213' title='bbox 469 3042 584 3089; x_wconf 93' lang='lat' dir='ltr'><strong>nomen</strong></span> <span class='ocrx_word' id='word_1_214' title='bbox 601 3024 781 3104; x_wconf 87' lang='lat' dir='ltr'><strong>ascriptum</strong></span> <span class='ocrx_word' id='word_1_215' title='bbox 800 3030 882 3106; x_wconf 88' lang='lat' dir='ltr'><strong>erat,</strong></span> <span class='ocrx_word' id='word_1_216' title='bbox 903 3042 922 3088; x_wconf 90' lang='grc'><strong>6</strong></span> <span class='ocrx_word' id='word_1_217' title='bbox 944 3041 1007 3103; x_wconf 95' lang='lat' dir='ltr'><strong>quo</strong></span> <span class='ocrx_word' id='word_1_218' title='bbox 1019 3022 1118 3088; x_wconf 88' lang='lat' dir='ltr'><strong>stella</strong></span> <span class='ocrx_word' id='word_1_219' title='bbox 1133 3021 1272 3088; x_wconf 82' lang='lat' dir='ltr'><strong>lucifera</strong></span> <span class='ocrx_word' id='word_1_220' title='bbox 1293 3042 1410 3089; x_wconf 91' lang='lat' dir='ltr'><strong>nomen</strong></span> 
     </span>
     <span class='ocr_line' id='line_1_27' title="bbox 231 3125 1410 3210; baseline -0.003 -19"><span class='ocrx_word' id='word_1_221' title='bbox 231 3126 398 3192; x_wconf 87' lang='lat' dir='ltr'><strong>traxisset.</strong></span> <span class='ocrx_word' id='word_1_222' title='bbox 435 3126 500 3192; x_wconf 87' lang='lat' dir='ltr'><strong>Sed</strong></span> <span class='ocrx_word' id='word_1_223' title='bbox 515 3128 578 3192; x_wconf 87' lang='lat' dir='ltr'><strong>hae</strong></span> <span class='ocrx_word' id='word_1_224' title='bbox 593 3128 633 3191; x_wconf 89' lang='lat' dir='ltr'><strong>de</strong></span> <span class='ocrx_word' id='word_1_225' title='bbox 649 3146 684 3191; x_wconf 87' lang='lat' dir='ltr'><strong>re</strong></span> <span class='ocrx_word' id='word_1_226' title='bbox 699 3126 797 3191; x_wconf 90' lang='lat' dir='ltr'><strong>valde</strong></span> <span class='ocrx_word' id='word_1_227' title='bbox 812 3125 981 3192; x_wconf 86' lang='lat' dir='ltr'><strong>dubitavit</strong></span> <span class='ocrx_word' id='word_1_228' title='bbox 995 3125 1037 3191; x_wconf 92' lang='lat' dir='ltr'><strong>H.</strong></span> <span class='ocrx_word' id='word_1_229' title='bbox 1059 3127 1224 3190; x_wconf 89' lang='lat' dir='ltr'><strong>Jordan</strong></span> <span class='ocrx_word' id='word_1_230' title='bbox 1241 3125 1410 3210; x_wconf 70' lang='grc'>(1111111616</span> 
     </span>
     <span class='ocr_line' id='line_1_28' title="bbox 230 3227 1410 3312; baseline 0 -20"><span class='ocrx_word' id='word_1_231' title='bbox 230 3229 381 3310; x_wconf 78' lang='lat' dir='ltr'><strong>Bettrdpe</strong></span> <span class='ocrx_word' id='word_1_232' title='bbox 401 3248 460 3292; x_wconf 71' lang='lat' dir='ltr'><strong>aar</strong></span> <span class='ocrx_word' id='word_1_233' title='bbox 477 3227 652 3293; x_wconf 78' lang='lat' dir='ltr'><strong>Gescdo‘oltto</strong></span> <span class='ocrx_word' id='word_1_234' title='bbox 666 3228 721 3292; x_wconf 78' lang='lat' dir='ltr'><strong>der</strong></span> <span class='ocrx_word' id='word_1_235' title='bbox 736 3229 789 3293; x_wconf 86' lang='grc'>161.</span> <span class='ocrx_word' id='word_1_236' title='bbox 805 3228 940 3310; x_wconf 78' lang='lat' dir='ltr'><strong>Sproclw</strong></span> <span class='ocrx_word' id='word_1_237' title='bbox 954 3248 984 3309; x_wconf 92' lang='lat' dir='ltr'><strong>p.</strong></span> <span class='ocrx_word' id='word_1_238' title='bbox 999 3229 1063 3312; x_wconf 84' lang='lat'><strong>61),</strong></span> <span class='ocrx_word' id='word_1_239' title='bbox 1086 3227 1142 3309; x_wconf 91' lang='lat' dir='ltr'><strong>qui</strong></span> <span class='ocrx_word' id='word_1_240' title='bbox 1157 3234 1273 3309; x_wconf 87' lang='lat' dir='ltr'><strong>postea</strong></span> <span class='ocrx_word' id='word_1_241' title='bbox 1288 3229 1410 3294; x_wconf 86' lang='lat' dir='ltr'><strong>statuit</strong></span> 
     </span>
     <span class='ocr_line' id='line_1_29' title="bbox 230 3330 1410 3414; baseline 0 -17"><span class='ocrx_word' id='word_1_242' title='bbox 230 3351 295 3397; x_wconf 91' lang='lat' dir='ltr'><strong>non</strong></span> <span class='ocrx_word' id='word_1_243' title='bbox 314 3332 452 3398; x_wconf 87' lang='lat' dir='ltr'>IAFOR</span> <span class='ocrx_word' id='word_1_244' title='bbox 475 3333 533 3397; x_wconf 89' lang='lat' dir='ltr'><strong>sed</strong></span> <span class='ocrx_word' id='word_1_245' title='bbox 555 3331 689 3398; x_wconf 81' lang='lat' dir='ltr'>IAOOR</span> <span class='ocrx_word' id='word_1_246' title='bbox 719 3333 893 3414; x_wconf 83' lang='lat' dir='ltr'><strong>legendum</strong></span> <span class='ocrx_word' id='word_1_247' title='bbox 913 3349 992 3414; x_wconf 87' lang='lat' dir='ltr'><strong>esse,</strong></span> <span class='ocrx_word' id='word_1_248' title='bbox 1021 3330 1079 3412; x_wconf 93' lang='lat' dir='ltr'><strong>qui</strong></span> <span class='ocrx_word' id='word_1_249' title='bbox 1101 3336 1189 3396; x_wconf 91' lang='lat' dir='ltr'><strong>esset</strong></span> <span class='ocrx_word' id='word_1_250' title='bbox 1210 3331 1410 3398; x_wconf 86' lang='lat' dir='ltr'><strong>Graecorum</strong></span> 
     </span>
     <span class='ocr_line' id='line_1_30' title="bbox 222 3433 1409 3520; baseline -0.001 -20"><span class='ocrx_word' id='word_1_251' title='bbox 222 3433 349 3514; x_wconf 77' lang='grc' dir='ltr'><strong><em>Ἴακχος</em></strong></span> <span class='ocrx_word' id='word_1_252' title='bbox 378 3434 501 3520; x_wconf 86' lang='lat' dir='ltr'><strong>(Herm.</strong></span> <span class='ocrx_word' id='word_1_253' title='bbox 530 3436 592 3502; x_wconf 89' lang='lat' dir='ltr'><strong>vol.</strong></span> <span class='ocrx_word' id='word_1_254' title='bbox 614 3434 696 3500; x_wconf 89' lang='lat' dir='ltr'><strong>XVI</strong></span> <span class='ocrx_word' id='word_1_255' title='bbox 722 3436 802 3501; x_wconf 87' lang='lat'>1881</span> <span class='ocrx_word' id='word_1_256' title='bbox 833 3454 864 3516; x_wconf 91' lang='lat' dir='ltr'><strong>p.</strong></span> <span class='ocrx_word' id='word_1_257' title='bbox 894 3434 980 3517; x_wconf 82' lang='grc'>251).</span> <span class='ocrx_word' id='word_1_258' title='bbox 1031 3433 1104 3516; x_wconf 81' lang='lat' dir='ltr'><strong>Qua</strong></span> <span class='ocrx_word' id='word_1_259' title='bbox 1135 3453 1173 3499; x_wconf 89' lang='lat' dir='ltr'><strong>re</strong></span> <span class='ocrx_word' id='word_1_260' title='bbox 1204 3437 1247 3499; x_wconf 92' lang='lat' dir='ltr'><strong>ad</strong></span> <span class='ocrx_word' id='word_1_261' title='bbox 1278 3434 1409 3500; x_wconf 88' lang='lat' dir='ltr'><strong>irritum</strong></span> 
     </span>
     <span class='ocr_line' id='line_1_31' title="bbox 231 3536 1409 3620; baseline -0.002 -17"><span class='ocrx_word' id='word_1_262' title='bbox 231 3539 322 3603; x_wconf 82' lang='lat' dir='ltr'><strong>cadIt</strong></span> <span class='ocrx_word' id='word_1_263' title='bbox 344 3537 522 3620; x_wconf 85' lang='lat' dir='ltr'><strong>explicatio</strong></span> <span class='ocrx_word' id='word_1_264' title='bbox 543 3557 561 3603; x_wconf 88' lang='grc'>6</span> <span class='ocrx_word' id='word_1_265' title='bbox 582 3540 715 3604; x_wconf 89' lang='lat' dir='ltr'><strong>deorum</strong></span> <span class='ocrx_word' id='word_1_266' title='bbox 737 3537 860 3601; x_wconf 88' lang='lat' dir='ltr'><strong>fabulis</strong></span> <span class='ocrx_word' id='word_1_267' title='bbox 881 3536 999 3618; x_wconf 90' lang='lat' dir='ltr'><strong>petita.</strong></span> <span class='ocrx_word' id='word_1_268' title='bbox 1048 3536 1120 3601; x_wconf 91' lang='lat' dir='ltr'><strong>Iam</strong></span> <span class='ocrx_word' id='word_1_269' title='bbox 1149 3538 1191 3601; x_wconf 92' lang='lat' dir='ltr'><strong>ad</strong></span> <span class='ocrx_word' id='word_1_270' title='bbox 1221 3536 1409 3616; x_wconf 88' lang='lat' dir='ltr'><strong>grammati-</strong></span> 
     </span>
     <span class='ocr_line' id='line_1_32' title="bbox 230 3638 1409 3721; baseline -0.004 -15"><span class='ocrx_word' id='word_1_271' title='bbox 230 3659 337 3706; x_wconf 90' lang='lat' dir='ltr'><strong>corum</strong></span> <span class='ocrx_word' id='word_1_272' title='bbox 361 3639 543 3721; x_wconf 81' lang='lat' dir='ltr'><strong>veriloquis</strong></span> <span class='ocrx_word' id='word_1_273' title='bbox 565 3658 624 3704; x_wconf 91' lang='lat' dir='ltr'><strong>nos</strong></span> <span class='ocrx_word' id='word_1_274' title='bbox 647 3648 884 3717; x_wconf 73' lang='lat' dir='ltr'><strong>convertamus</strong></span> <span class='ocrx_word' id='word_1_275' title='bbox 918 3657 1053 3720; x_wconf 91' lang='lat' dir='ltr'><strong>quorum</strong></span> <span class='ocrx_word' id='word_1_276' title='bbox 1076 3638 1199 3720; x_wconf 88' lang='lat' dir='ltr'><strong>primus</strong></span> <span class='ocrx_word' id='word_1_277' title='bbox 1229 3644 1281 3702; x_wconf 89' lang='lat' dir='ltr'><strong>est</strong></span> <span class='ocrx_word' id='word_1_278' title='bbox 1303 3638 1409 3703; x_wconf 84' lang='lat' dir='ltr'><strong>Varro</strong></span> 
     </span>
     <span class='ocr_line' id='line_1_33' title="bbox 231 3738 1409 3820; baseline -0.005 -14"><span class='ocrx_word' id='word_1_279' title='bbox 231 3744 272 3809; x_wconf 87' lang='lat' dir='ltr'><strong>de</strong></span> <span class='ocrx_word' id='word_1_280' title='bbox 299 3742 320 3806; x_wconf 94' lang='lat' dir='ltr'><strong>l.</strong></span> <span class='ocrx_word' id='word_1_281' title='bbox 350 3742 370 3806; x_wconf 94' lang='lat' dir='ltr'><strong>l.</strong></span> <span class='ocrx_word' id='word_1_282' title='bbox 401 3743 466 3809; x_wconf 90' lang='lat' dir='ltr'><strong>VII</strong></span> <span class='ocrx_word' id='word_1_283' title='bbox 489 3744 530 3807; x_wconf 83' lang='grc'><strong>76</strong></span> <span class='ocrx_word' id='word_1_284' title='bbox 562 3743 696 3807; x_wconf 88' lang='lat' dir='ltr'><strong>docens:</strong></span> <span class='ocrx_word' id='word_1_285' title='bbox 725 3741 819 3804; x_wconf 74' lang='grc'>16161</span> <span class='ocrx_word' id='word_1_286' title='bbox 847 3740 963 3804; x_wconf 73' lang='lat' dir='ltr'><strong>diodor</strong></span> <span class='ocrx_word' id='word_1_287' title='bbox 990 3742 1079 3804; x_wconf 84' lang='grc'>116116</span> <span class='ocrx_word' id='word_1_288' title='bbox 1108 3739 1236 3820; x_wconf 74' lang='lat' dir='ltr'><strong>lucifer,</strong></span> <span class='ocrx_word' id='word_1_289' title='bbox 1265 3758 1345 3819; x_wconf 78' lang='lat' dir='ltr'><strong>qaae</strong></span> <span class='ocrx_word' id='word_1_290' title='bbox 1372 3738 1409 3801; x_wconf 81' lang='grc'><strong>16</strong></span> 
     </span>
     <span class='ocr_line' id='line_1_34' title="bbox 228 3840 1408 3926; baseline -0.003 -18"><span class='ocrx_word' id='word_1_291' title='bbox 228 3863 348 3908; x_wconf 84' lang='lat' dir='ltr'><strong>sommo</strong></span> <span class='ocrx_word' id='word_1_292' title='bbox 384 3843 466 3926; x_wconf 77' lang='lat' dir='ltr'><strong>qood</strong></span> <span class='ocrx_word' id='word_1_293' title='bbox 500 3842 589 3907; x_wconf 82' lang='grc'>16161</span> <span class='ocrx_word' id='word_1_294' title='bbox 621 3843 726 3906; x_wconf 77' lang='lat' dir='ltr'><strong>lumen</strong></span> <span class='ocrx_word' id='word_1_295' title='bbox 757 3842 925 3923; x_wconf 79' lang='lat' dir='ltr'><strong>diffusum,</strong></span> <span class='ocrx_word' id='word_1_296' title='bbox 957 3847 993 3905; x_wconf 84' lang='grc'><strong>61</strong></span> <span class='ocrx_word' id='word_1_297' title='bbox 1025 3844 1070 3906; x_wconf 82' lang='lat' dir='ltr'><strong>leo</strong></span> <span class='ocrx_word' id='word_1_298' title='bbox 1101 3843 1137 3904; x_wconf 81' lang='grc'><strong>16</strong></span> <span class='ocrx_word' id='word_1_299' title='bbox 1167 3840 1266 3921; x_wconf 77' lang='lat' dir='ltr'><strong>capite</strong></span> <span class='ocrx_word' id='word_1_300' title='bbox 1294 3840 1408 3904; x_wconf 79' lang='grc'>161661.</span> 
     </span>
     <span class='ocr_line' id='line_1_35' title="bbox 229 3932 1408 4027; baseline -0.004 -16"><span class='ocrx_word' id='word_1_301' title='bbox 229 3947 384 4027; x_wconf 88' lang='lat' dir='ltr'><strong>Plerique</strong></span> <span class='ocrx_word' id='word_1_302' title='bbox 415 3952 563 4012; x_wconf 88' lang='lat' dir='ltr'><strong>veterum</strong></span> <span class='ocrx_word' id='word_1_303' title='bbox 593 3945 880 4025; x_wconf 87' lang='lat' dir='ltr'><strong>grammaticorum</strong></span> <span class='ocrx_word' id='word_1_304' title='bbox 913 3947 999 4011; x_wconf 89' lang='lat' dir='ltr'><strong>hanc</strong></span> <span class='ocrx_word' id='word_1_305' title='bbox 1026 3941 1255 4027; x_wconf 89' lang='lat' dir='ltr'><strong>etymologiam</strong></span> <span class='ocrx_word' id='word_1_306' title='bbox 1285 3961 1306 4007; x_wconf 90' lang='lat' dir='ltr'><strong>a</strong></span> <span class='ocrx_word' id='word_1_307' title='bbox 1333 3932 1408 4006; x_wconf 81' lang='grc'>1616</span> 
     </span>
    </p>
   </div>
   <div class='ocr_carea' id='block_1_3' title="bbox 231 4042 1410 4131">
    <p class='ocr_par' dir='ltr' id='par_1_4' title="bbox 231 4042 1410 4131">
     <span class='ocr_line' id='line_1_36' title="bbox 231 4042 1410 4131; baseline -0.005 -17"><span class='ocrx_word' id='word_1_308' title='bbox 231 4051 403 4114; x_wconf 86' lang='lat' dir='ltr'><strong>deductam</strong></span> <span class='ocrx_word' id='word_1_309' title='bbox 419 4046 682 4131; x_wconf 79' lang='lat' dir='ltr'><strong>probaverunt,¹)</strong></span> <span class='ocrx_word' id='word_1_310' title='bbox 712 4047 792 4127; x_wconf 93' lang='lat' dir='ltr'><strong>quin</strong></span> <span class='ocrx_word' id='word_1_311' title='bbox 814 4047 913 4112; x_wconf 88' lang='lat' dir='ltr'><strong>etiam</strong></span> <span class='ocrx_word' id='word_1_312' title='bbox 936 4046 1153 4111; x_wconf 89' lang='lat' dir='ltr'><strong>recentiorum</strong></span> <span class='ocrx_word' id='word_1_313' title='bbox 1174 4061 1245 4108; x_wconf 90' lang='lat' dir='ltr'><strong>eam</strong></span> <span class='ocrx_word' id='word_1_314' title='bbox 1261 4042 1410 4109; x_wconf 83' lang='lat' dir='ltr'><strong>defendit</strong></span> 
     </span>
    </p>
   </div>
   <div class='ocr_carea' id='block_1_4' title="bbox 222 4194 1408 4440">
    <p class='ocr_par' dir='ltr' id='par_1_5' title="bbox 222 4194 1408 4440">
     <span class='ocr_line' id='line_1_37' title="bbox 318 4194 1408 4268; baseline -0.002 -15"><span class='ocrx_word' id='word_1_315' title='bbox 318 4199 338 4268; x_wconf 77' lang='grc'><strong>1)</strong></span> <span class='ocrx_word' id='word_1_316' title='bbox 355 4198 485 4253; x_wconf 83' lang='lat' dir='ltr'><strong>Varronis</strong></span> <span class='ocrx_word' id='word_1_317' title='bbox 499 4198 653 4253; x_wconf 83' lang='lat' dir='ltr'><strong>doctrinam</strong></span> <span class='ocrx_word' id='word_1_318' title='bbox 670 4199 700 4253; x_wconf 90' lang='lat' dir='ltr'><strong>in</strong></span> <span class='ocrx_word' id='word_1_319' title='bbox 717 4199 875 4254; x_wconf 87' lang='lat' dir='ltr'><strong>universum</strong></span> <span class='ocrx_word' id='word_1_320' title='bbox 893 4197 981 4254; x_wconf 86' lang='lat' dir='ltr'><strong>secuti</strong></span> <span class='ocrx_word' id='word_1_321' title='bbox 998 4203 1064 4252; x_wconf 86' lang='lat' dir='ltr'><strong>sunt</strong></span> <span class='ocrx_word' id='word_1_322' title='bbox 1076 4194 1187 4250; x_wconf 84' lang='lat' dir='ltr'><strong>Verrius</strong></span> <span class='ocrx_word' id='word_1_323' title='bbox 1206 4196 1277 4264; x_wconf 83' lang='lat' dir='ltr'><strong>apud</strong></span> <span class='ocrx_word' id='word_1_324' title='bbox 1296 4196 1408 4251; x_wconf 81' lang='lat' dir='ltr'><strong>Festum</strong></span> 
     </span>
     <span class='ocr_line' id='line_1_38' title="bbox 222 4280 1407 4355; baseline -0.002 -16"><span class='ocrx_word' id='word_1_325' title='bbox 222 4303 255 4355; x_wconf 89' lang='lat' dir='ltr'><strong>p.</strong></span> <span class='ocrx_word' id='word_1_326' title='bbox 275 4284 387 4353; x_wconf 81' lang='lat'><strong>10411.;</strong></span> <span class='ocrx_word' id='word_1_327' title='bbox 417 4284 490 4339; x_wconf 78' lang='lat' dir='ltr'><strong>Seru.</strong></span> <span class='ocrx_word' id='word_1_328' title='bbox 515 4285 599 4354; x_wconf 86' lang='lat' dir='ltr'><strong>Verg.</strong></span> <span class='ocrx_word' id='word_1_329' title='bbox 630 4285 698 4339; x_wconf 84' lang='lat' dir='ltr'><strong>Aen.</strong></span> <span class='ocrx_word' id='word_1_330' title='bbox 722 4285 761 4340; x_wconf 90' lang='lat' dir='ltr'><strong>IV</strong></span> <span class='ocrx_word' id='word_1_331' title='bbox 786 4285 850 4354; x_wconf 82' lang='lat'>1303</span> <span class='ocrx_word' id='word_1_332' title='bbox 879 4285 974 4339; x_wconf 86' lang='lat' dir='ltr'><strong>Isidor.</strong></span> <span class='ocrx_word' id='word_1_333' title='bbox 998 4288 1081 4350; x_wconf 87' lang='lat' dir='ltr'><strong>etym.</strong></span> <span class='ocrx_word' id='word_1_334' title='bbox 1104 4281 1150 4335; x_wconf 94' lang='lat' dir='ltr'><strong>III</strong></span> <span class='ocrx_word' id='word_1_335' title='bbox 1173 4280 1220 4349; x_wconf 76' lang='lat'><strong>70,</strong></span> <span class='ocrx_word' id='word_1_336' title='bbox 1245 4281 1292 4348; x_wconf 77' lang='lat'><strong>183</strong></span> <span class='ocrx_word' id='word_1_337' title='bbox 1321 4283 1407 4337; x_wconf 83' lang='lat' dir='ltr'><strong>Anon.</strong></span> 
     </span>
     <span class='ocr_line' id='line_1_39' title="bbox 229 4369 1397 4440; baseline -0.003 -14"><span class='ocrx_word' id='word_1_338' title='bbox 229 4372 263 4426; x_wconf 89' lang='lat' dir='ltr'><strong>de</strong></span> <span class='ocrx_word' id='word_1_339' title='bbox 280 4375 405 4440; x_wconf 88' lang='lat' dir='ltr'><strong>computo</strong></span> <span class='ocrx_word' id='word_1_340' title='bbox 422 4370 479 4424; x_wconf 91' lang='lat' dir='ltr'><strong>loco</strong></span> <span class='ocrx_word' id='word_1_341' title='bbox 496 4385 579 4438; x_wconf 86' lang='lat' dir='ltr'><strong>supra</strong></span> <span class='ocrx_word' id='word_1_342' title='bbox 596 4385 661 4438; x_wconf 86' lang='lat' dir='ltr'><strong>pag.</strong></span> <span class='ocrx_word' id='word_1_343' title='bbox 679 4369 696 4423; x_wconf 92' lang='lat'>8</span> <span class='ocrx_word' id='word_1_344' title='bbox 713 4370 833 4424; x_wconf 87' lang='lat' dir='ltr'><strong>laudato.</strong></span> <span class='ocrx_word' id='word_1_345' title='bbox 1395 4389 1397 4393; x_wconf 94' lang='lat'>·</span> 
     </span>
    </p>
   </div>
   <div class='ocr_carea' id='block_1_5' title="bbox 0 0 1644 4964">
    <p class='ocr_par' dir='ltr' id='par_1_6' title="bbox 0 0 1644 4964">
     <span class='ocr_line' id='line_1_40' title="bbox 0 0 1644 4964; baseline 0 2"><span class='ocrx_word' id='word_1_346' title='bbox 0 0 1644 4964; x_wconf 95' lang='lat' dir='ltr'><strong> </strong></span> 
     </span>
    </p>
   </div>
  </div>
 </body>
</html>
