3278 4964
242 381 317 468 111]
464 383 507 436 De
523 382 662 437 stellarum
682 382 863 451 appellatione
882 388 911 437 11
928 382 1059 453 religione
1076 384 1199 438 Romana
1356 387 1420 453 203

241 553 327 619 enim
350 555 512 619 Arcturus
533 553 606 634 ipse
634 553 743 634 prodit
765 552 798 618 in
822 573 952 620 scenam
975 559 1010 620 et
1032 559 1204 636 postquam
1230 574 1265 621 se
1288 556 1418 639 signum

241 658 416 736 splendens
446 656 545 722 stella
574 657 716 721 candida
753 656 846 739 dixit,
875 656 985 740 pergit
1016 676 1051 723 se
1081 677 1099 724 e
1129 659 1299 724 stellarum
1328 678 1417 726 more

240 760 416 825 observare
430 761 452 842 ¹)
481 758 646 823 bominum
668 759 753 824 male
783 758 873 824 facta
895 763 930 825 et
958 759 1083 826 referre
1113 779 1153 826 ea
1181 762 1346 842 exscripta
1375 764 1418 827 ad

239 861 467 942 imperatorem
491 863 659 944 deorum.'²)
704 861 859 927 Videmus
886 861 991 944 igitur
1020 862 1112 928 sidus
1140 864 1221 946 fingi
1250 869 1417 944 tamquam

239 965 400 1029 hominem
424 969 458 1029 et
480 965 648 1031 viventem
671 968 704 1029 et
726 964 892 1030 videntem
914 1002 958 1012 -
979 964 1044 1030 nisi
1068 969 1151 1046 quod
1175 966 1297 1032 maiore
1320 986 1417 1047 quam

238 1067 381 1131 humana
404 1068 568 1132 oculorum
592 1065 661 1132 acie
684 1072 735 1132 est
756 1067 927 1147 praeditus
940 1105 982 1114 -
997 1074 1030 1133 et
1050 1067 1251 1149 cogitantem
1267 1073 1309 1152 et,
1331 1071 1417 1149 quod

238 1169 458 1234 sublimiorem
482 1171 605 1234 cultum
624 1170 758 1250 redolet,
780 1169 986 1252 scribentem,
1008 1190 1114 1250 neque
1136 1175 1232 1252 esset,
1256 1190 1314 1237 cur
1332 1171 1417 1237 hanc

237 1272 407 1337 stellarum
430 1272 607 1353 imaginem
630 1291 650 1336 a
673 1272 829 1337 Romanis
853 1271 992 1338 alienam
1015 1273 1273 1357 iudicaremuS,³)
1302 1274 1367 1339 nisi
1398 1293 1416 1340 e

237 1392 334 1441 versu
358 1374 399 1439 33
425 1379 600 1456 appareret
625 1374 797 1453 sequentia
825 1376 997 1455 desumpta
1029 1394 1139 1441 essee
1165 1376 1308 1458 Diphilo.
1352 1377 1417 1442 Sed

237 1494 309 1541 cum
333 1478 392 1542 hoc
414 1476 463 1541 ita
485 1477 537 1558 sit,
560 1477 660 1557 plana
683 1481 734 1542 est
757 1476 944 1542 coniectura
967 1478 1067 1543 etiam
1084 1479 1220 1544 Arcturi
1242 1497 1414 1560 personam

237 1597 258 1643 a
279 1579 399 1644 Plauto
422 1598 440 1645 e
464 1579 588 1644 Graeco
612 1584 753 1644 tractam
781 1598 861 1644 esse.
904 1581 991 1646 Huic
1020 1581 1115 1646 favet
1145 1582 1231 1660 quod
1252 1582 1414 1648 Arcturus

236 1700 353 1747 nomen
375 1701 528 1765 graecum
548 1682 636 1765 gerit
659 1687 694 1747 et
714 1685 800 1762 quod
821 1682 918 1747 simili
942 1685 1035 1749 modo
1059 1686 1139 1749 deus
1165 1684 1298 1764 quidam
1319 1703 1412 1766 prae·

236 1783 321 1850 scius
342 1785 510 1851 inducitur
531 1804 551 1850 a
574 1784 764 1850 Philemone
786 1783 893 1868 (frgm.
915 1787 955 1850 91
979 1786 1098 1871 Koek):

438 1903 474 1966 ὃν
496 1902 569 1967 οὐδὲ
591 1900 638 1981 είς
658 1903 791 1990 λέληθεν
814 1902 888 1968 οὐδὲ
910 1903 943 1968 ἓν
965 1916 1072 1968 ποιῶν

440 2005 505 2070 ooo
525 2001 566 2069 αὖ
587 2008 739 2091 ποιήσων,
764 2005 837 2071 οὐδὲ
858 2010 1046 2093 πεποιηκὼς
1066 2008 1181 2080 πάλαι,

440 2109 512 2172 οὔτε
533 2108 611 2186 θεὸς
632 2109 695 2173 οὔτ’
717 2109 898 2195 ἄνθρωπος,
922 2105 1013 2188 οὗτός
1035 2107 1096 2192 εἰμ’
1119 2111 1182 2195 ἐγὼ

438 2211 518 2297 Ἀήρ,
542 2212 578 2276 ὃν
600 2211 638 2275 ἄν
659 2236 708 2288 τις
733 2209 902 2294 ὀνομάσειε
923 2213 978 2276 καὶ
1000 2216 1074 2279 Δία.

319 2349 465 2415 Adhibui
488 2350 599 2415 Plauti
622 2351 812 2432 exemplum,
834 2354 873 2415 ut
895 2352 1159 2432 demonstrarem,
1189 2369 1286 2430 quam
1315 2355 1412 2416 caute

234 2451 328 2517 nobis
351 2455 514 2534 agendum
537 2452 583 2517 sit
608 2453 641 2517 in
672 2453 881 2518 secernendis
910 2452 1117 2533 opinionibus
1139 2471 1218 2518 vere
1247 2452 1411 2519 Romanis,

234 2553 328 2637 Quod
358 2555 414 2620 ubi
444 2555 544 2621 semel
572 2555 772 2637 cognoveris,
801 2554 943 2620 fortasse
965 2554 1136 2637 rationem,
1164 2574 1261 2635 quam
1294 2555 1330 2620 in
1360 2573 1410 2620 se-

233 2657 408 2737 quentibus
432 2664 603 2723 secuturus
626 2676 705 2739 sum,
727 2657 890 2739 probabis
934 2658 1015 2723 Rem
1031 2656 1116 2722 enim
1138 2657 1188 2722 ita
1209 2657 1350 2739 institui,
1372 2663 1412 2723 ut

233 2765 323 2825 certo
346 2763 483 2840 quodam
503 2759 616 2826 ordine
634 2760 787 2826 instituto
803 2759 950 2843 singulas
965 2762 1006 2826 de
1019 2760 1125 2826 stellis
1140 2759 1307 2843 opiniones
1324 2762 1411 2842 apud

321 2964 340 3032 1)
358 2965 468 3021 Β111111
484 2965 606 3020 Marxius
624 2982 650 3020 v.
669 2966 729 3020 ba:

470 3076 552 3123 noctu
570 3085 631 3123 sum
648 3068 677 3123 in
695 3070 769 3124 caelo
787 3069 877 3123 clarus
895 3073 978 3136 atqua
995 3068 1068 3123 inter
1086 3070 1148 3123 deos

470 3154 542 3208 inter
560 3154 681 3208 mortalis
698 3154 807 3209 ambulo
824 3153 964 3208 interdius.

230 3255 317 3309 Putat
336 3256 406 3309 enim
425 3256 473 3310 hos
492 3272 586 3311 versus
605 3257 712 3312 additos
730 3272 788 3311 1111
806 3256 840 3309 ab
857 3255 1052 3323 interpolatore
1070 3256 1194 3322 quodam,
1219 3255 1267 3323 qui
1289 3272 1343 3310 non
1369 3256 1410 3311 in·

230 3341 383 3395 tellexiseet
400 3342 614 3396 observationem
633 3343 666 3396 de
684 3343 757 3396 caelo
775 3341 864 3395 111111
881 3340 982 3394 stellas.
1018 3341 1070 3393 Sed
1087 3340 1152 3394 licet
1163 3340 1213 3395 hoc
1224 3341 1408 3409 concedamus,

229 3424 739 3495 11111111111111111111111111111
760 3426 828 3480 talia
851 3425 900 3480 1111
917 3425 1016 3479 addere
1040 3425 1167 3494 potuisse,
1185 3425 1239 3479 nisi
1262 3424 1352 3493 opinio
1375 3426 1409 3480 da

229 3511 316 3565 stallis
334 3512 454 3566 interdiu
471 3512 500 3565 in
518 3517 592 3567 terra
609 3512 775 3580 vagantibus
794 3512 866 3579 apud
885 3518 991 3566 1111111
1009 3509 1213 3578 percrebuisset.

318 3596 338 3666 ²)
358 3598 435 3651 Hanc
458 3597 609 3666 opinionem
635 3597 719 3651 latius
743 3597 865 3666 viguisse
889 3596 1091 3650 demonstratur
1115 3595 1268 3664 apocalypsi
1291 3595 1408 3663 quadam

230 3683 383 3749 apocrypha
401 3683 474 3750 apud
492 3682 583 3737 Const.
599 3682 834 3736 Tischendori
851 3698 914 3751 pag.
933 3681 1026 3749 36sq.:
1045 3677 1168 3735 πολλάκις
1180 3677 1209 3732 δὲ
1222 3682 1295 3744 καὶὴ
1313 3677 1407 3746 σελήνη

229 3770 275 3816 καὶ
298 3771 333 3817 τὰ
357 3769 442 3837 ἄστρα
460 3764 618 3838 προσῆλθον
636 3778 676 3831 τῷ
693 3771 775 3838 κυρίῳ
792 3765 926 3836 λέγοντες·
950 3771 1022 3837 κύριε
1047 3767 1062 3816 ὁ
1088 3765 1153 3821 θεὸς
1170 3767 1185 3816 ὁ
1203 3770 1407 3836 παντοκράτωρ,

229 3854 295 3918 ἡμῖν
311 3851 430 3907 δέδωκας
453 3855 502 3919 τὴν
526 3853 650 3913 ἐξουσίαν
675 3861 721 3919 τῆς
738 3856 830 3908 νυκτὸς
847 3857 892 3904 καὶ
915 3855 1002 3903 οὐκέτι
1020 3855 1149 3921 στέγομεν
1172 3855 1220 3906 τὰς
1241 3849 1340 3906 κλοπὰς
1362 3855 1407 3902 καὶ

212 3932 347 4003 ’μοιχείας
364 3942 409 3988 καὶ
427 3941 616 4004 αίματοχυσίας
633 3946 690 3991 τῶν
707 3938 875 4008 ἀνθρώπων·
900 3936 1022 3989 κέλευσον
1044 3939 1109 4002 ἡμῖν
1132 3941 1177 3988 καὶ
1199 3940 1352 4003 ποιήσωμεν
1370 3939 1407 3991 als

228 4025 323 4078 αὐτοὺς
340 4028 448 4090 τέρατα.

317 4109 337 4178 ⁸)
355 4110 485 4178 Vulgaris
503 4109 575 4164 enim
598 4115 641 4164 est
657 4108 747 4178 opinio
765 4109 799 4163 de
814 4109 916 4164 tabulis
931 4109 960 4163 in
976 4109 1074 4176 quibus
1089 4124 1106 4162 1
1120 4107 1173 4162 diis
1188 4107 1344 4164 scribuntur
1360 4108 1406 4164 ho·

227 4194 330 4249 minum
342 4195 425 4265 facta,
444 4211 468 4249 v.
481 4196 514 4250 U.
527 4196 622 4263 Kopp
640 4194 858 4264 Padreopropbic
873 4194 971 4249 critico
984 4194 1027 4248 ΙΠ
1044 4211 1070 4262 p.
1088 4193 1176 4262 96sq,
1195 4194 1225 4247 F.
1238 4194 1334 4248 Marx
1350 4194 1370 4249 l.
1382 4210 1404 4248 c.

227 4296 253 4348 p.
270 4281 318 4335 VI.
353 4280 454 4335 Stellae
472 4281 544 4349 apud
561 4281 691 4350 plurimos
707 4280 819 4348 populos
837 4280 947 4335 deorum
964 4278 1057 4335 nuntii
1074 4284 1147 4347 11111,
1174 4295 1200 4334 1.
1217 4278 1250 4333 R.
1269 4279 1405 4335 Andrte

228 4363 481 4435 Etbnopropbiaobe
499 4366 656 4420 Parollclen
673 4364 732 4419 aad
756 4364 906 4435 Vcrpkicbe
924 4382 950 4434 p.
969 4365 1027 4419 113.
