3278 4964
227 382 302 470 149]
449 383 489 436 De
509 382 649 466 stellarum
668 382 849 450 appellatione
867 387 896 436 et
914 381 1044 451 religione
1061 381 1184 436 Romana
1340 385 1401 449 241

226 561 316 621 tores
338 552 478 619 Romani
499 553 588 618 inter
610 553 723 618 stellas
753 551 979 634 migraverint,
1009 570 1109 633 supra
1131 571 1204 635 pag.
1227 553 1289 618 132
1311 572 1404 619 enar-

226 662 335 722 ratum
358 660 417 721 est.

311 760 409 824 Hunc
432 776 532 823 unum
562 758 681 823 bonum
715 762 873 823 cometam
899 755 1236 842 laudantRomani,1)
1267 758 1405 824 colorem

226 861 350 944 posteri
365 861 522 927 blandum
539 859 702 942 dixerunt,
717 858 944 924 mathematici
958 858 1103 925 faustum
1122 858 1156 924 id
1171 860 1263 925 sidus
1285 864 1406 941 putant

226 982 429 1044 quacumque
452 962 537 1027 caeli
558 963 692 1043 regione
715 966 884 1044 appareat.
935 961 989 1026 Sic
1019 961 1100 1026 dicit
1129 961 1221 1028 Serv.
1250 963 1285 1027 in
1307 965 1405 1045 Verg.

227 1068 308 1130 Aen.
331 1066 364 1130 X
387 1066 466 1129 272:
490 1070 532 1126 est
553 1065 645 1126 etiam
667 1064 746 1126 alter
768 1070 890 1126 cometes
913 1065 970 1147 qui
990 1083 1057 1126 uere
1078 1071 1203 1127 corrues
1224 1065 1406 1146 appellatur,

227 1189 302 1231 uum
326 1169 421 1231 comis
442 1165 512 1229 hinc
541 1166 613 1230 inde
635 1168 783 1246 einpitur.
833 1165 897 1229 Hic
926 1165 1061 1229 blandus
1089 1186 1148 1230 esse
1177 1166 1300 1231 dicitur.
1347 1167 1409 1247 Qui

227 1273 254 1334 si
276 1272 420 1334 muntem
442 1269 612 1351 atenderit,
633 1269 729 1332 taetus
749 1288 800 1332 res
812 1269 875 1348 ipsi
892 1270 981 1347 parti
994 1267 1169 1351 sipuificat;
1188 1271 1219 1333 si
1240 1269 1407 1352 meridiem,

228 1374 363 1452 Africae
384 1379 440 1435 aut
457 1372 595 1454 Aepppto
614 1372 753 1455 punctim·
774 1371 998 1435 accedentem
1012 1373 1188 1454 inspexerit,
1211 1378 1293 1435 terra
1310 1371 1407 1435 Italia

228 1477 289 1538 uoti
318 1479 370 1538 sui
392 1476 599 1556 compererit.
650 1474 714 1538 Hir
741 1474 857 1537 dicitur
886 1475 1082 1557 apparuisse,
1115 1494 1175 1558 pue
1204 1480 1336 1554 tempore
1364 1479 1408 1538 est

228 1577 392 1658 Aupustus
412 1580 537 1640 sortitus
557 1579 742 1659 imperium·
764 1583 838 1640 tunc
860 1575 990 1660 denique
1009 1577 1129 1660 pendia
1150 1577 1289 1640 amnibus
1309 1578 1406 1659 penti-

230 1680 288 1743 bus
307 1680 422 1760 futura
444 1684 518 1742 sunt
539 1682 694 1744 nuntiata.
740 1679 776 1743 si
803 1681 1044 1759 septemtrionem
1067 1679 1238 1760 uhenderit,
1259 1699 1408 1762 prospere

231 1784 375 1845 uniuersa
389 1781 553 1863 sipiificat.
595 1782 643 1848 At
658 1781 822 1863 expressis
838 1782 949 1849 verbis
964 1801 1027 1848 non
1044 1782 1190 1848 traditur
1205 1783 1265 1848 hoo
1281 1782 1314 1848 C.
1328 1781 1408 1848 Iulii

231 1884 383 1951 Caesaris
406 1891 531 1950 astrum
553 1885 672 1950 iterum
694 1885 800 1951 visum
824 1889 859 1950 et
880 1884 1029 1966 agnitum
1051 1885 1160 1970 esser)

316 1986 382 2052 Vix
398 1993 450 2052 est
465 1989 551 2067 quod
562 2006 733 2052 memorem
751 1987 854 2053 fuisse
869 1990 910 2053 de
923 1988 1056 2053 cometis
1068 1992 1103 2054 et
1114 1988 1409 2054 Alexandrinorum

230 2089 371 2155 fabulas.
415 2089 478 2155 His
501 2089 638 2155 Electra
658 2090 829 2156 Pleiadum
853 2109 944 2156 soror
964 2095 1164 2157 memoratur
1185 2092 1241 2158 vel
1256 2091 1409 2158 Orionem

229 2192 361 2274 fugiens
384 2192 473 2257 caelo
489 2193 670 2258 decessisse
685 2193 739 2260 vel
755 2193 908 2259 Incendia
923 2194 1042 2258 Troiae
1061 2204 1096 2259 et
1110 2193 1283 2259 interitum
1298 2193 1409 2276 gentis

230 2313 310 2360 suae
326 2295 449 2360 deflens
465 2300 566 2376 caput
580 2295 724 2362 nubibus
740 2295 889 2361 cinxisse.
927 2296 1011 2361 Sede
1027 2302 1118 2360 certa
1133 2314 1277 2361 sororum
1294 2313 1409 2360 carens

230 2416 470 2478 nonnumquam
486 2398 688 2478 conspicitur
703 2416 815 2463 errare
831 2399 866 2462 in
882 2398 971 2463 caelo
987 2398 1198 2481 diffusamque
1211 2417 1311 2461 comas
1325 2398 1411 2460 euni

231 2502 385 2584 minisque
406 2502 498 2564 soluti
518 2501 521 2584 1
542 2502 712 2564 monstrari
732 2499 866 2584 effipiem
899 2499 979 2565 dicit
1001 2500 1151 2566 Avienus
1172 2500 1208 2565 Π
1230 2500 1293 2566 193
1322 2499 1410 2584 (vide

236 2603 334 2669 etiam
358 2604 448 2669 Serv.
470 2605 513 2668 ad
535 2603 616 2669 Aen.
639 2604 779 2684 11212).

604 3133 682 3237 §a
724 3145 785 3240 De
811 3143 880 3212 via
905 3143 1038 3212 lactea

318 3319 442 3387 Ultimo
472 3320 541 3386 loco
576 3323 616 3386 de
645 3322 720 3387 albo
747 3320 805 3386 illo
835 3320 947 3385 balteo
976 3338 1130 3402 agamus,
1160 3337 1253 3400 quem
1285 3318 1410 3384 serenis

232 3424 383 3490 noctibus
422 3442 481 3489 nos
519 3442 645 3504 quoque
683 3423 883 3489 admiramur
911 3422 1041 3488 nomine
1070 3423 1156 3502 quod
1185 3441 1206 3487 a
1238 3421 1410 3489 veteribus

320 3594 340 3663 ¹)
358 3594 471 3649 Praeter
484 3595 642 3663 Augustum
656 3598 685 3648 et
700 3592 870 3647 Mithridatis
884 3592 973 3662 gloria
985 3591 1124 3659 praedicta
1137 3595 1219 3658 atque
1231 3591 1341 3645 firmata
1352 3596 1412 3645 erat

233 3695 281 3748 per
298 3685 439 3749 cometam,
457 3695 483 3734 v.
502 3679 600 3734 Instin.
613 3679 707 3746 Pomp.
720 3678 805 3743 Trogi
823 3677 917 3732 histor.
930 3677 1047 3745 Philipp.
1059 3678 1124 3745 epit.
1136 3677 1271 3731 XXXVII
1288 3677 1321 3731 2:
1340 3679 1366 3730 et
1382 3691 1411 3730 eo

233 3781 285 3832 quo
300 3763 410 3836 penitus
428 3767 469 3820 est
486 3781 560 3818 anno
578 3767 605 3818 et
622 3781 652 3818 eo
670 3780 720 3832 pua
738 3781 854 3833 regnare
873 3764 999 3832 primum
1017 3763 1106 3832 coepit
1127 3762 1206 3816 stethu
1229 3764 1341 3816 cometes
1359 3778 1412 3831 per

232 3853 380 3918 utrumque
400 3853 504 3919 tempus
522 3849 696 3920 septuapeuis
714 3849 808 3903 diebus
825 3849 868 3902 ita
881 3848 962 3918 iuuit,
980 3850 1014 3902 ut
1031 3847 1135 3902 caelum
1153 3863 1232 3902 omne
1243 3846 1412 3916 constuprare

232 3935 380 3990 uideretur.
415 3935 490 3990 Nam
508 3939 535 3990 et
552 3935 742 4004 magnitudine
759 3935 805 3989 sui
823 3938 953 4002 quartam
969 3937 1081 4003 purtem
1104 3933 1173 3987 caeli
1191 3934 1370 4002 occupauerat
1385 3934 1413 3986 et

232 4020 340 4092 talpam
359 4023 404 4075 sui
427 4020 494 4076 solia
516 4021 635 4075 nitorem
657 4021 775 4086 uicerat·
798 4023 826 4074 et
848 4036 910 4074 cum
933 4022 1057 4073 oreretur
1078 4017 1268 4086 ocuderetpuc,
1292 4021 1412 4086 quatuor

232 4106 364 4161 horarum
382 4107 503 4175 spatium
522 4106 701 4160 consumebat.

320 4193 435 4263 Ξ1111111
454 4193 619 4247 Claudianus
636 4192 719 4246 semel
736 4192 771 4246 ad
789 4193 859 4247 hanc
882 4191 1034 4261 opinionem
1058 4189 1179 4244 alludere
1202 4188 1326 4257 videtur,
1349 4205 1411 4244 cum

233 4287 350 4346 quaerat
367 4278 400 4333 de
424 4279 505 4334 stella
528 4277 620 4332 subito
643 4277 673 4332 in
691 4277 735 4332 dia
759 4278 882 4332 elucente
906 4277 977 4332 VIII
1002 4275 1065 4344 189,
1089 4281 1182 4330 utrum
1206 4290 1305 4343 parens
1327 4273 1412 4330 tuerit

232 4364 361 4434 Augusta
378 4380 413 4418 an
431 4365 489 4418 diri
506 4363 551 4419 avi
569 4363 653 4418 sidua.
