3278 4964
268 361 332 427 236
720 359 871 414 Guilelmus
890 359 997 415 Gundel
1373 356 1455 447 [144

269 533 462 615 superstitio
477 532 682 599 nostratibus
702 533 756 598 vel
770 531 867 597 hodie
887 536 973 602 nota
990 530 1145 597 Romanis
1160 549 1289 613 quoqne
1311 538 1456 615 accepta

268 637 341 703 fuit.
384 637 576 718 astrologos
606 639 738 700 secutus
758 633 913 700 Manilius
936 639 1116 717 enumerat,
1145 653 1372 716 quaecumque
1392 655 1457 718 per

269 739 422 805 crinitam
445 741 575 804 stellam
598 738 850 820 portendantur,
873 737 890 801 Ι
912 738 975 802 892
983 755 1069 818 squ:

423 858 520 923 Talia
543 856 733 940 significant
756 857 903 922 lucentes
926 874 1025 938 saepe
1047 861 1209 923 cometae:

422 961 540 1027 funera
563 980 635 1027 cum
658 960 787 1026 facibus
798 960 823 1043 1)
846 960 986 1024 veniunt
1006 959 1172 1041 terrisque
1193 959 1365 1026 minantur
1463 960 1466 965 ’

424 1063 571 1129 ardentis
592 1063 664 1128 sine
685 1063 749 1128 line
772 1081 877 1144 agros,
901 1080 972 1126 cum
994 1063 1135 1127 mundus
1157 1066 1192 1127 et
1213 1061 1287 1142 ipsa

423 1170 574 1247 aegrotet
596 1170 717 1232 natura
740 1184 833 1231 suum
856 1163 977 1230 sortita
997 1165 1191 1245 sepulcrum.

423 1267 502 1348 quin
525 1272 559 1334 et
580 1269 669 1335 bella
692 1273 816 1334 canunt
838 1267 931 1347 ignes
953 1266 1146 1346 subitosque
1168 1267 1339 1350 tumultus,

424 1375 459 1436 et
482 1370 697 1437 clandestinis
720 1369 890 1452 surgentia
912 1368 1086 1435 fraudibus
1109 1387 1210 1434 arma.

270 1508 362 1574 Haec
383 1527 447 1574 non
470 1509 573 1575 solum
596 1508 834 1590 astrologorum
849 1506 1014 1588 sapientia
1037 1510 1097 1588 est,
1120 1507 1179 1571 sed
1201 1525 1222 1571 a
1244 1507 1364 1588 populo
1386 1506 1453 1575 Ro·

268 1629 365 1677 mano
387 1611 511 1677 similes
534 1611 701 1692 opiniones
731 1612 771 1676 de
794 1615 992 1675 cometarum
1023 1608 1232 1690 apparitione
1254 1609 1344 1675 latas
1379 1628 1454 1677 esse

269 1714 353 1779 satis
374 1714 487 1779 multis
509 1713 706 1779 testimoniis
729 1715 979 1778 demonstratur.
1027 1711 1182 1793 Inprimis
1203 1712 1283 1777 belli
1305 1717 1453 1779 terrores

208 1848 214 1868 ‹
269 1814 468 1882 nuntiantur
492 1837 512 1882 a
534 1816 669 1898 crinitis,
692 1836 723 1883 v.
746 1816 811 1881 Cic.
834 1817 874 1880 de
894 1815 958 1880 div.
980 1815 1063 1897 123,
1086 1815 1126 1879 de
1148 1820 1215 1880 nat.
1239 1814 1451 1897 deor.11143

270 1917 342 1983 Tib.
365 1918 449 1999 115,
474 1921 530 1998 713
553 1919 665 1985 Octav.
689 1920 760 1983 236.
811 1918 905 1983 Bella
931 1919 1177 1997 subsequuntur
1206 1921 1241 1982 et
1270 1917 1453 1983 domestica

269 2022 304 2083 et
322 2024 469 2100 externa,
492 2038 618 2099 semper
633 2039 711 2085 vero
727 2020 846 2085 fatalia
861 2018 1055 2103 hominibus,
1078 2019 1195 2099 quibus
1210 2020 1349 2085 elucent.
1394 2018 1452 2086 Sic

269 2121 480 2187 indicabatur
501 2121 612 2186 Persis
641 2122 751 2187 clades
781 2123 868 2202 apud
891 2121 1059 2187 Salamina
1089 2126 1225 2203 accepta
1254 2121 1351 2205 (Plin.
1374 2122 1452 2188 Nat

269 2224 345 2289 hist.
360 2223 396 2290 Π
411 2224 474 2308 90).
516 2224 673 2290 Romanis
694 2224 776 2306 ipsis
792 2225 1028 2305 praedicebant
1044 2229 1190 2290 cometae
1211 2242 1350 2307 magnas
1371 2223 1453 2291 illas

270 2327 477 2393 calamitates
517 2327 609 2394 civili
642 2334 731 2394 motu
766 2327 902 2394 Octavio
940 2327 1071 2393 consule
1105 2328 1265 2393 adductas
1298 2326 1376 2408 (Cic.
1409 2328 1452 2394 de

220 2478 225 2491 ,
269 2437 337 2497 nat.
353 2433 438 2497 deor.
460 2431 496 2496 Π
512 2432 574 2516 14),
605 2431 767 2497 Catilinae
790 2430 1046 2496 coniurationem
1069 2430 1147 2514 (Cic.
1170 2432 1210 2495 de
1233 2447 1318 2495 cons.
1340 2429 1377 2495 II
1400 2430 1451 2513 15,

269 2534 562 2618 respergine),
591 2534 726 2616 Pompei
755 2539 788 2598 et
812 2533 964 2599 Caesaris
996 2533 1117 2598 bellum
1148 2532 1245 2617 (Plin.
1267 2532 1344 2598 Nat.
1372 2532 1451 2598 hist.

270 2637 305 2701 ΙΙ
328 2638 390 2721 92),
417 2636 536 2702 fatalia
559 2656 651 2703 arma
675 2636 787 2703 civilia
816 2640 891 2718 post
914 2634 1066 2700 Caesaris
1095 2640 1231 2701 mortem
1261 2634 1364 2717 (Calp.
1386 2634 1452 2702 Sic.

269 2740 287 2804 Ι
303 2740 353 2822 82,
368 2740 455 2804 Plut.
471 2738 561 2804 Caes.
577 2739 693 2804 LXIX
707 2739 748 2823 3),
771 2739 872 2805 trium
887 2738 1047 2820 legionem
1070 2738 1248 2819 perniciem
1263 2738 1353 2804 Varo
1368 2738 1452 2804 duce

270 2840 370 2921 (Man.
382 2840 495 2923 1899),
507 2859 640 2907 saevum
653 2841 871 2922 principatum
885 2840 1024 2906 Neronis
1036 2839 1132 2925 (Plin.
1141 2841 1216 2906 Nat.
1225 2840 1300 2906 hist.
1308 2840 1344 2905 Π
1355 2839 1452 2926 92).’)

355 2941 534 3006 Praeterea
557 2948 666 3007 autem
689 2943 837 3023 vulgaris
858 2943 966 3023 opinio
998 2948 1050 3008 est
1072 2948 1229 3008 cometem
1258 2942 1330 3025 regi
1360 2943 1454 3013 ferra

357 3143 376 3212 1)
395 3144 454 3198 Fax
472 3143 597 3198 caelestis
614 3144 686 3199 iaces
704 3150 832 3200 terrentes
848 3147 1032 3216 praenuntiat,
1051 3152 1160 3215 praeter
1177 3147 1355 3215 sepulcralem
1372 3147 1452 3203 belli·

269 3246 329 3285 cam
347 3234 376 3285 et
394 3229 556 3299 seditiosam,
576 3247 645 3297 quae
662 3231 788 3286 incendia
805 3239 940 3300 provocet.
975 3234 1059 3287 Deest
1076 3249 1132 3286 una
1149 3231 1224 3286 laeta
1241 3232 1288 3286 iax
1305 3232 1451 3300 nuptialis.

357 3317 377 3384 2)
395 3317 433 3370 Et
451 3315 513 3370 aliis
536 3317 666 3385 gentibus
691 3323 823 3372 cometam
847 3333 980 3372 summam
1003 3318 1148 3386 perniciem
1174 3317 1301 3372 attulisse
1324 3317 1450 3373 tradunt.

269 3401 407 3469 imprimis
430 3402 546 3456 Iudaeos
568 3418 784 3470 commemorem,
809 3419 922 3470 quorum
945 3402 1038 3471 gentis
1061 3410 1089 3457 et
1106 3403 1186 3470 regni
1208 3402 1338 3470 urbisque
1362 3401 1451 3470 ipsius

270 3487 430 3542 vastitatem
447 3488 569 3541 futuram
581 3494 699 3543 cometes
711 3488 898 3556 denuntiabat,
911 3503 937 3541 v.
951 3488 1003 3541 Ios.
1022 3489 1055 3543 de
1068 3486 1128 3543 bell.
1141 3488 1197 3551 iud,
1210 3488 1251 3543 VI
1263 3489 1279 3556 ξ
1292 3486 1388 3554 asesq.
1401 3487 1450 3557 N.;

271 3574 390 3627 Zonaras
413 3573 454 3627 VI
477 3573 518 3642 24,
543 3573 631 3627 302Β.
673 3576 712 3627 At
735 3573 829 3642 viguit
852 3574 945 3627 eadem
969 3573 1128 3641 superstitio
1152 3589 1199 3642 per
1217 3573 1307 3627 omnia
1330 3573 1450 3629 saecula.

270 3658 313 3712 Sic
325 3657 412 3714 tradit
424 3659 500 3713 Beda
517 3658 581 3712 hist.
597 3659 690 3713 eccles.
702 3664 778 3728 gent.
791 3659 873 3728 Angl.
886 3659 912 3712 V
925 3658 958 3711 23
971 3675 1040 3713 anno
1059 3658 1303 3728 septingentesimo
1320 3657 1451 3713 vicesimo

269 3759 339 3798 nono
358 3743 517 3813 apparuisse
540 3744 607 3799 duos
630 3751 749 3800 cometas
773 3744 844 3798 circa
868 3744 951 3798 solem
975 3744 1126 3798 indicantes
1150 3744 1341 3813 gravissimam
1356 3742 1450 3797 Sarra·

269 3844 396 3886 cenorum
425 3830 497 3884 luem
528 3835 556 3884 et
585 3830 710 3885 miseram
741 3829 890 3884 Galliarum
920 3829 1031 3883 cladem.
1066 3830 1191 3884 Cametas
1218 3844 1282 3884 vero
1307 3828 1355 3896 qui
1378 3844 1450 3885 anno

269 3915 443 3973 MDCXVIII
465 3915 701 3983 conspiciebantur
717 3915 828 3971 nuntios
851 3915 946 3982 magni
968 3914 1033 3969 belli
1056 3930 1114 3969 esse
1131 3914 1306 3983 interpretati
1323 3918 1389 3968 sunt
1405 3918 1451 3968 tot

267 4000 421 4068 scriptores,
440 4005 472 4054 ut
490 3999 601 4055 taedeat
618 4017 704 4056 unum
722 4000 827 4056 afferre.
863 4000 915 4054 Sed
930 4005 958 4055 et
970 4000 1053 4055 ceteri
1065 4006 1193 4068 cometae,
1212 4000 1259 4068 qui
1276 3999 1384 4054 saeculo
1400 3998 1451 4053 illo

268 4085 397 4141 lucebant
423 4085 494 4140 bella
520 4087 706 4155 protulerunt,
740 4086 834 4153 itaque
862 4085 966 4154 singuli
989 4086 1163 4154 appellantur
1188 4085 1223 4140 ab
1249 4085 1282 4140 ld.
1308 4083 1450 4153 Weigel

270 4171 536 4241 (fflmmcts-Zea‘per,
564 4172 654 4227 Jehna
674 4172 750 4241 1681,
775 4171 901 4239 praelat.)
924 4170 1092 4226 Norda'scbcr
1113 4170 1328 4242 Kricgs-Komct
1351 4169 1449 4240 (1652),

269 4255 596 4326 Tttrckea-Kotepslcomet
613 4256 709 4328 (1661),
729 4256 772 4311 dic
785 4255 1068 4327 See-Kricpslcomctca
1081 4256 1159 4324 (1664
1171 4256 1298 4324 et1665),
1316 4254 1451 4309 Frentra-
1517 4249 1520 4255 ’

268 4339 368 4409 Kriega
387 4341 480 4396 Comet
496 4343 592 4410 (1672).
