3292 4958
165 375 240 462 137]
388 377 428 429 De
446 375 587 430 stellarum
605 375 786 444 appellatione
804 381 833 430 et
850 375 981 445 religione
998 376 1120 430 Romana
1277 377 1342 443 229

164 548 305 614 Ioannes
327 547 526 628 Philoponus
548 547 740 630 disputavit
763 549 803 614 de
826 546 902 627 opit.
932 546 1044 612 mundi
1066 548 1083 613 I
1106 549 1146 612 12
1169 548 1343 614 ridiculam

164 668 238 717 esse
253 650 364 716 dicens
381 649 564 731 opinionem
581 649 708 714 ὅτιτῶν
723 649 864 736 ἀστέρων
878 647 1010 713 ἕκαστον
1025 649 1154 733 ἄγγελοι
1164 652 1342 736 1111111111)

251 752 315 818 Sed
337 754 508 818 redeamus
532 755 575 817 ad
597 753 696 818 initia
718 752 879 834 opinionis
908 755 1001 819 modo
1029 758 1199 820 tractatae
1227 756 1343 821 stellas

166 874 302 937 corpora
325 855 424 936 ignea
446 874 518 920 esse
541 874 605 920 non
629 854 785 938 animata,
815 861 849 922 et
871 874 1083 939 quaeramus7
1113 856 1191 936 quid
1219 856 1344 923 factum

164 957 218 1041 sit
240 958 297 1023 nbi
319 958 401 1023 haec
424 957 532 1039 opinio
555 958 768 1024 incideritis
791 957 933 1023 alteram
962 957 1062 1041 illam,
1092 959 1218 1025 animas
1248 959 1343 1026 mori·

165 1060 289 1126 entium
305 1059 339 1125 in
352 1061 488 1126 aethera
504 1061 600 1126 elabi.
622 1061 692 1126 Has
704 1063 786 1126 duas
801 1061 984 1127 sententias
999 1060 1064 1126 iam
1080 1066 1210 1128 veteres
1222 1062 1344 1145 Orphei

166 1169 201 1229 et
223 1164 436 1245 Pythagorae
458 1168 639 1229 sectatores
662 1163 750 1229 inter
772 1183 807 1229 se
830 1164 1085 1229 coniunxerunt:
1115 1164 1227 1230 sidera
1248 1168 1344 1233 sedes

163 1272 243 1331 sunt
270 1266 507 1350 mortuorum.‘³)
559 1267 663 1348 Quam
696 1266 879 1347 opinionem
915 1266 1055 1332 Romani
1091 1286 1220 1349 quoque
1257 1287 1344 1334 rece-

166 1374 293 1449 perunt.
352 1369 482 1434 Prinrus
511 1369 609 1435 testis
632 1374 685 1436 est
706 1369 915 1452 PropertiuS,
946 1369 1002 1450 qui
1024 1369 1136 1437 dirum
1159 1370 1280 1437 Iulium
1309 1370 1345 1436 in

166 1470 306 1537 Veneris
329 1472 429 1536 stella
452 1471 589 1537 collocat
611 1472 659 1536 IV
679 1474 707 1554 6,
723 1473 765 1538 59
787 1471 1056 1555 1111111111)
1072 1474 1208 1536 merctur
1230 1472 1345 1537 Caesar

167 1572 206 1636 ab
228 1578 319 1637 ostro.
364 1574 470 1654 Prope
500 1577 660 1640 accedunt
690 1574 827 1641 Ovidius
850 1574 943 1656 epist.
966 1594 1007 1639 ex
1029 1574 1134 1640 Ponto
1157 1576 1205 1640 IV
1228 1577 1257 1658 9,
1281 1578 1342 1641 127

166 1680 202 1741 11
223 1675 437 1741 GermanIcus
463 1677 557 1742 Arat.
580 1677 651 1759 558,
683 1696 818 1756 quorum
841 1678 943 1744 verba
963 1677 1030 1742 iam
1052 1696 1152 1760 supra
1181 1697 1256 1762 pag.
1281 1680 1342 1744 132

167 1777 348 1860 exscripi.⁸)
393 1781 564 1844 Accedunt
592 1779 650 1845 Ov.
674 1781 753 1844 Met.
777 1780 842 1844 XV
865 1780 928 1846 838
937 1798 985 1860 sq.
1014 1800 1085 1843 cura
1110 1782 1214 1844 sector
1235 1779 1346 1864 Pylios

166 1885 341 1964 aequauerat
358 1902 460 1945 uncos
479 1885 483 1965 1
503 1881 655 1946 melicertes
676 1882 761 1946 sedes
775 1889 965 1966 capsulaque
979 1882 1083 1946 sidera
1102 1889 1213 1967 111911,
1229 1884 1291 1949 868
1300 1902 1345 1964 sq.

165 1983 259 2047 tardo
281 1985 323 2047 111
346 1984 403 2048 ello
424 1984 491 2047 dics
513 2037 519 2049 .
543 2036 549 2049 .
573 2037 580 2050 .
602 2005 661 2068 pao
680 1991 774 2064 caput
787 1985 968 2066 depastum
983 2037 990 2050 .
1005 2036 1035 2050 ..
1058 1985 1126 2048 orbe
1147 1985 1251 2048 relicto
1270 1985 1273 2069 1
1294 2006 1344 2049 oc-

164 2085 249 2151 adad
277 2087 374 2169 caelo,
408 2087 507 2152 Trist.
534 2087 607 2170 V2,
630 2088 672 2152 52
695 2089 738 2150 sc'c
760 2087 803 2150 aci
825 2091 920 2167 pacta
943 2087 998 2150 tibi
1019 2087 1124 2150 sidero
1145 2087 1256 2151 tardas
1278 2107 1345 2169 cas;

165 2188 244 2254 Hor.
267 2207 363 2254 carm.
385 2189 604 2272 11139111,
627 2190 644 2254 Ι
667 2192 695 2272 2,
717 2192 759 2256 45
789 2209 879 2253 seras
907 2191 942 2252 iu
963 2190 1081 2253 caetum
1104 2193 1223 2270 redeam
1246 2191 1344 2272 Verg.

165 2291 284 2374 Georg.
305 2293 323 2358 Ι
345 2293 386 2357 32
416 2313 498 2355 acce
522 2314 627 2357 nouom
657 2293 758 2356 tardis
785 2293 875 2356 sidus
897 2298 923 2355 te
945 2292 1101 2355 steresibus
1122 2293 1230 2357 oddus.
1281 2292 1346 2374 Qui

165 2412 275 2460 omnes
298 2397 448 2478 Augusto
471 2397 581 2460 sedem
604 2397 761 2461 asti-alem
783 2395 854 2461 fore
869 2394 1105 2462 vaticinantur.
1149 2395 1262 2476 Neque
1284 2395 1344 2460 hoc

165 2496 317 2580 Augusto
339 2496 506 2580 ingratum
529 2497 601 2579 fuit,
624 2499 680 2578 qui
702 2499 830 2564 stellam
857 2497 955 2580 galea
977 2497 1011 2561 in
1034 2496 1105 2562 divi
1126 2496 1205 2562 Iulii
1227 2515 1344 2562 memo-

166 2599 250 2665 riam
279 2601 420 2683 gerebat
450 2601 560 2685 (Verg.
591 2602 673 2667 Aen.
701 2602 786 2668 VIII
808 2602 872 2667 680
902 2620 974 2666 cnm
1005 2600 1113 2667 Servii
1144 2601 1345 2685 commento).

118 2777 121 2783 ,
165 2703 261 2769 Unde
284 2703 383 2769 etiam
406 2704 633 2787 Vergilianum
656 2704 738 2770 illud
759 2704 966 2786 intellegitur
984 2704 1066 2769 Aen.
1088 2703 1140 2768 IX
1163 2704 1238 2768 641:

319 2813 425 2872 macte
449 2826 536 2873 nova
558 2807 685 2874 virtute
707 2825 804 2888 puer:
828 2807 877 2872 sic
898 2807 967 2872 itur
990 2809 1032 2872 ad
1056 2813 1166 2872 astra

166 2907 331 2989 Imprimis
353 2914 464 2974 autem
480 2910 623 2976 Senecae
638 2910 799 2976 Hercules
815 2909 957 2976 Oetaeus
976 2910 1159 2976 Stoicorum
1176 2909 1344 2976 doctrinas

167 3016 300 3077 secutus
322 3015 412 3077 totus
434 3012 469 3077 in
491 3013 554 3078 hae
584 3013 743 3096 religione
765 3012 861 3095 vivit,
889 3012 945 3094 qui
974 3020 1061 3077 astro
1084 3020 1176 3077 motus
1200 3012 1346 3078 madibus

165 3116 278 3177 maaet
295 3116 363 3178 sats
379 3116 422 3200 (v.
439 3117 491 3192 97,
509 3118 558 3198 13,
574 3117 624 3199 31,
642 3118 733 3198 1432,
751 3117 843 3198 1446,
861 3115 1043 3198 1565111),
1062 3116 1218 3197 cuiusque
1240 3117 1346 3199 verba

165 3221 243 3282 sunt
265 3217 487 3298 pulcherrima
509 3238 538 3284 v.
563 3220 646 3285 1960
654 3237 738 3298 sqq.:

252 3355 273 3425 ¹)
290 3356 342 3411 Sed
359 3355 443 3410 fiebat
461 3356 511 3409 hac
528 3354 660 3422 opinione,
685 3360 717 3407 ut
734 3352 855 3407 homines
873 3344 1056 3419 superstitiosi
1074 3351 1161 3405 madio
1180 3366 1247 3405 aevo
1265 3351 1345 3420 11811

164 3441 298 3509 quaedam
322 3441 438 3508 mystica
461 3439 625 3508 ediscerent,
650 3438 747 3507 quibus
770 3455 798 3492 se
822 3441 986 3506 potestatem
1012 3438 1041 3491 in
1065 3436 1159 3491 stellas
1183 3442 1212 3491 et
1235 3436 1346 3505 angelos

165 3527 307 3582 stellarum
325 3528 469 3595 adepturos
487 3541 545 3580 esse
565 3525 719 3593 sperabant.
755 3523 855 3579 Fusius
873 3524 906 3578 de
924 3523 974 3576 hac
997 3523 1131 3591 scriptura
1149 3521 1246 3576 astrali
1263 3520 1345 3576 disse-

165 3611 223 3667 ruit
240 3613 289 3668 Ph.
308 3612 561 3667 Harssderffer
578 3611 595 3664 l.
615 3610 633 3665 l.
651 3627 715 3680 pag.
728 3610 839 3677 alasa:
858 3624 927 3677 quae
944 3608 1037 3663 eadem
1056 3608 1113 3662 iere
1130 3612 1173 3662 est
1190 3624 1221 3662 ac
1238 3607 1346 3676 magica

166 3703 290 3752 veterum
302 3698 446 3766 scriptura,
465 3698 498 3751 de
510 3713 563 3764 qua
575 3697 689 3751 ultimus
707 3696 767 3765 egit
777 3695 854 3750 Rich.
866 3695 972 3749 Wiins
982 3694 1020 3747 ch
1033 3692 1148 3747 Aratikos
1159 3691 1348 3763 Zaabcryerdt

166 3798 219 3836 oua
237 3783 391 3852 Perpamoa
408 3782 517 3850 passim.

253 3868 279 3938 ¹}
292 3868 462 3923 Testimonia
479 3866 616 3937 congessit
627 3867 659 3920 E.
677 3866 794 3921 Rohde
811 3865 859 3918 der
872 3863 971 3934 priecd.
984 3863 1096 3919 Roman
1108 3880 1171 3933 pag.
1184 3863 1346 3932 2011111,

166 3952 271 4022 Psyche
288 3970 352 4024 pag.
370 3953 429 4021 423,
454 3953 606 4008 Drexler
630 3950 847 4018 Wocdcasclrrift
861 3950 911 4016 fiir
928 3949 1009 4004 diosa
1029 3949 1178 4018 Philolopia
1197 3949 1264 4003 1894
1282 3964 1345 4018 pag.

166 4038 226 4108 734,
244 4039 289 4095 W.
307 4039 458 4094 Roscher
482 4037 638 4107 Nachtrdpe
660 4054 711 4091 zur
732 4037 825 4091 Selene
843 4034 949 4105 (Jahrb.
974 4034 1019 4088 des
1046 4035 1147 4104 Gyras.
1171 4051 1205 4088 aa
1228 4033 1347 4088 Warzen

167 4123 246 4194 1895)
263 4141 327 4194 pag.
346 4126 387 4179 12.
418 4124 545 4179 Ridicula
563 4123 695 4191 quaedam
713 4124 746 4177 de
764 4121 883 4177 Luciferi
901 4121 995 4175 incolis
1013 4125 1109 4175 nmrat
1128 4119 1265 4176 Lucienus
1282 4121 1346 4175 Ver.

157 4209 232 4266 'hist
250 4211 359 4281 passim.

254 4295 276 4365 ⁸)
294 4296 504 4364 Meminerimus,
524 4310 593 4364 quae
610 4294 649 4349 ibi
667 4294 700 4347 de
718 4293 855 4348 affinitate
873 4291 1070 4347 sententiarum
1096 4290 1226 4346 dixerim:
1251 4291 1347 4346 stellae

166 4379 249 4436 simul
266 4388 296 4437 et
312 4383 389 4439 sedes
407 4390 436 4439 et
453 4382 561 4438 animae
576 4383 741 4435 mortuorum
760 4384 835 4433 sunt.
