3278 4964
97 383 99 386 <
158 360 234 446 105]
380 361 421 414 De
439 359 581 414 stellarum
598 358 781 428 appellatione
800 368 828 413 et
846 356 978 426 religione
996 359 1118 412 Romana
1272 359 1333 425 197

243 533 382 596 Praeter
403 530 461 596 hos
477 536 588 595 autem
602 528 738 595 fuerunt
762 528 816 608 qui
835 527 1027 596 derivarent
1042 529 1197 611 Hyadum
1220 548 1336 596 nomen

158 655 179 700 a
203 651 324 716 graeca
345 633 461 698 littera
484 633 520 716 Υ,
551 651 686 712 quorum
709 631 876 712 antiquior
897 630 1003 696 forma
1032 630 1097 697 fuit
1121 633 1157 715 il,
1186 631 1221 697 in
1243 633 1336 699 ouius

157 736 334 818 imaginem
357 737 489 801 suculae
512 754 547 800 re
577 754 658 803 vera
680 735 858 817 dispositae
883 739 968 800 sunt.
1013 735 1085 800 Hac
1110 735 1146 799 in
1168 736 1336 802 sententia

157 858 221 905 non
245 856 429 919 commorer,
452 837 640 918 quoniame
662 837 819 903 Romanis
841 836 897 903 vix
916 844 1130 918 memoratur;
1154 839 1212 903 sed
1234 838 1337 905 babet

157 961 187 1009 v.
211 961 235 1007 c.
251 940 374 1022 Hygin.
398 939 498 1006 fabul.
521 939 644 1005 CXCII
669 960 699 1021 p.
723 939 861 1023 145111)

242 1043 397 1123 Plerique
427 1048 538 1108 autem
566 1043 787 1108 Romanorum
824 1048 991 1124 01010100,
1018 1042 1177 1123 imprimis
1210 1047 1337 1126 poetae,

158 1148 301 1229 hyadum
316 1145 446 1211 nomine
469 1150 608 1210 utuntur
622 1164 729 1225 neque
744 1150 862 1210 curant
884 1145 955 1210 eius
970 1145 1136 1228 originem.
1180 1146 1336 1226 Adeoque

158 1248 254 1314 huius
276 1247 430 1315 vocabuli
452 1267 529 1313 usus
553 1246 694 1331 evanuit,
717 1253 755 1312 ut
777 1247 962 1313 sucularum
986 1248 1076 1313 notio
1099 1247 1260 1329 paulatim
1282 1250 1337 1314 ob·

158 1356 292 1416 scurata
314 1351 368 1434 sit,
399 1369 471 1416 curn
493 1351 628 1433 Hyades
657 1351 751 1416 bodie
782 1370 908 1431 quoque
938 1352 981 1416 ab
1011 1350 1107 1416 Italis
1137 1355 1172 1416 01
1194 1351 1337 1417 Franco·

159 1452 258 1535 gallis
281 1453 497 1534 appellentur.

464 1711 498 1779 ΙΙ.
537 1711 581 1779 00
603 1711 792 1781 sucularum
816 1710 1031 1795 opinionibus.

244 1881 385 1946 Veteres
399 1880 540 1945 Romani
558 1879 641 1945 satis
656 1879 812 1945 habuisse
825 1879 989 1963 videntur,
1005 1881 1080 1945 dum
1096 1885 1185 1946 certo
1200 1879 1338 1965 nomine,

160 1982 237 2063 quid
259 1983 294 2047 in
317 1983 377 2048 hoc
398 1984 568 2048 stellarum
590 1983 686 2064 globo
709 1982 898 2063 conspicere
920 1983 1091 2064 putabant,
1114 1983 1338 2064 appellabant.

160 2085 273 2166 Neque
296 2084 435 2167 amplius
466 2085 555 2150 sidus
588 2085 671 2150 illud
701 2086 938 2166 observabant,
967 2085 1033 2150 nisi
1063 2088 1147 2165 qnod
1176 2086 1338 2152 Parilium

160 2188 246 2253 diem
268 2187 388 2253 festum
409 2188 478 2253 eius
493 2194 610 2253 exortu
631 2187 773 2253 indicari
788 2189 953 2255 volebant.
998 2189 1084 2254 Erat
1100 2208 1172 2254 cum
1186 2194 1337 2270 putarem

160 2291 364 2356 intercedere
385 2310 505 2356 nexum
535 2291 673 2355 similem
704 2290 794 2356 inter
815 2291 928 2356 Palem
959 2290 1150 2356 fertilitatis
1181 2293 1272 2357 deam
1303 2296 1339 2356 et

159 2395 306 2458 suculam
328 2393 472 2458 fertilem
494 2393 635 2459 bestiam
651 2397 753 2473 atque
774 2394 863 2459 inter
878 2393 1060 2458 caniculam
1083 2400 1117 2458 et
1139 2393 1339 2458 catularium

160 2515 298 2561 sacrum.
341 2495 406 2561 Sed
429 2497 489 2561 hoc
512 2495 616 2561 statui
637 2495 760 2578 nequit,
790 2515 865 2561 nam
895 2496 1044 2561 suculam
1073 2515 1145 2561 cum
1166 2495 1247 2561 Pale
1272 2514 1338 2562 101

160 2598 335 2664 0011001010
358 2617 395 2663 eo
423 2599 673 2681 demonstratur,
699 2601 784 2679 quod
806 2599 881 2664 Pali
903 2599 1010 2681 porcis
1033 2619 1098 2664 non
1121 2598 1338 2681 sacrificatur,

160 2700 211 2766 cui
226 2701 400 2767 incruenta
415 2704 545 2767 tantum
560 2701 717 2767 libantur.
753 2702 842 2767 Audi
857 2702 1010 2769 Ovidium
1024 2702 1115 2767 Fast.
1130 2702 1178 2767 IV
1194 2703 1256 2766 743
1268 2720 1338 2782 sqq.

160 2808 330 2870 canentem
353 2806 393 2870 de
416 2805 510 2870 donis
532 2804 716 2870 Parilibus:

313 2922 447 3004 libaque
470 2927 510 2990 de
532 2925 622 2990 milio
644 2925 728 2990 milii
750 2925 875 2990 fiscella
898 2930 1069 3006 sequetur:

366 3025 491 3092 rustica
512 3028 690 3109 praecipue
713 3033 763 3093 est
786 3028 846 3093 1100
868 3031 931 3093 dea
953 3029 1042 3094 laeta
1065 3029 1144 3094 cibo.

313 3130 398 3194 adde
420 3132 522 3210 dapes
545 3131 782 3210 mulctramque
805 3150 891 3212 suas,
914 3133 1118 3213 dapibusque
1140 3133 1276 3198 resectis
1332 3195 1336 3200 ,

365 3231 547 3298 silvicolam
569 3233 680 3313 tepido
701 3232 790 3298 lacte
817 3251 952 3314 precare
975 3233 1127 3318 Palenr)

246 3351 347 3417 Vitae
370 3357 478 3417 autem
503 3353 688 3418 cotidianae
719 3353 794 3418 usui
821 3359 917 3418 erant
941 3353 1082 3435 suculae,
1112 3353 1281 3434 siquidem,
1304 3353 1339 3418 id

161 3456 246 3533 quod
269 3453 415 3519 affirmat
438 3455 607 3536 Ampelius
629 3456 685 3520 lib.
708 3474 800 3520 mem.
815 3455 876 3537 HI,
899 3473 1011 3519 earum
1034 3459 1126 3520 ortus
1148 3460 1183 3520 et
1205 3473 1338 3521 occasus

162 3574 181 3620 a
203 3557 316 3622 nautis
340 3563 374 3622 01
401 3557 555 3639 agricolis
585 3559 857 3624 observabantur.
909 3557 1067 3623 Rusticae
1097 3557 1338 3625 observationis

249 3727 268 3795 ¹)
287 3727 401 3782 Praeter
419 3728 562 3797 Hyginum
580 3728 726 3798 adscripsit
743 3744 803 3783 eam
815 3728 897 3782 Arati
908 3728 1044 3797 interpres
1056 3743 1169 3797 grecam
1187 3727 1222 3781 ad
1240 3743 1266 3782 v.
1280 3727 1338 3796 173,

160 3827 185 3865 v.
204 3811 351 3867 Roberti
368 3813 506 3868 Eratostb.
525 3819 622 3868 catast.
647 3831 672 3882 p.
692 3814 750 3884 110,
774 3814 807 3868 Ε.
825 3815 938 3868 110000
956 3830 1050 3868 comm.
1068 3814 1146 3867 Aret.
1164 3812 1212 3867 rel.
1236 3829 1262 3881 p.
1277 3812 1337 3882 369,

161 3896 207 3964 183
219 3897 278 3967 388,
291 3898 338 3967 203
350 3898 409 3968 390,
419 3898 444 3968 5,
456 3899 538 3954 schol.
548 3899 637 3953 Germ.
650 3916 675 3968 p.
690 3900 747 3968 130,
761 3899 883 3968 llsq.B;
897 3899 1019 3954 defendit
1030 3915 1090 3953 eam
1102 3900 1339 3953 Buttmannus

159 3983 177 4036 l.
196 3999 218 4036 s.
235 4000 261 4051 p.
279 3983 321 4050 20,
339 3983 486 4053 impugnat
502 3985 759 4054 Banmgartner
776 3987 794 4039 l.
812 3987 830 4039 l.
854 4002 879 4053 p.
899 3986 940 4039 19.
975 3985 1080 4039 Novam
1099 3983 1262 4038 sententiam
1280 4000 1339 4052 pro·

160 4067 227 4122 tulit
244 4069 279 4122 H.
298 4069 429 4124 Usener
451 4069 645 4124 Giitterrramca
663 4088 689 4138 p.
707 4072 749 4139 42,
767 4072 880 4139 Hyadas
898 4086 955 4125 esse
974 4070 1052 4138 quasi
1070 4065 1182 4124 00001000
1199 4069 1293 4123 0101100
1309 4069 1340 4124 in

161 4154 234 4208 caelo
252 4154 422 4209 bacchantes.
457 4154 509 4209 Sed
526 4155 627 4210 rectius
645 4156 760 4211 fortasse
777 4156 832 4210 iarn
851 4155 1003 4224 Hesychius
1020 4156 1132 4223 Hyadas
1156 4150 1254 4209 000000
1270 4156 1297 4209 h
1315 4172 1339 4210 0

161 4240 269 4295 suculas
287 4256 346 4295 esse
364 4241 442 4308 dixit,
460 4241 505 4296 cui
517 4241 691 4308 explicationi
709 4242 831 4297 Phiale
843 4242 861 4296 l.
874 4259 895 4298 s.
913 4247 942 4296 et
958 4243 1030 4295 Bau
1038 4247 1218 4310 mgartner
1235 4240 1340 4296 lavent.

248 4324 270 4392 ²]
288 4342 314 4381 v.
333 4333 474 4395 praeterea
491 4326 695 4383 Wissowam
714 4328 787 4396 apud
804 4328 969 4383 Roscberum
987 4327 1032 4381 III
1048 4344 1074 4395 p.
1094 4325 1169 4381 12i9.
