3278 4964
154 377 230 465 155]
380 379 421 432 Do
440 378 580 432 stellarum
599 377 782 446 appellatione
800 381 829 432 et
846 377 978 447 religione
995 379 1118 434 Romana
1270 381 1333 446 247

154 556 285 616 cerunt:
304 554 428 615 nautae
443 553 477 614 et
492 549 622 614 milites.
666 548 853 630 Quaeritur,
871 567 913 614 an
928 554 1063 630 praeter
1079 569 1135 616 eas
1152 569 1233 631 quas
1242 553 1334 616 modo

154 650 416 720 enumeravimus
432 651 515 717 alias
526 651 765 733 appellationes
777 650 874 716 hodie
886 651 1075 732 deperditas
1089 653 1208 718 rustici
1219 652 1334 718 Latini

155 756 189 820 in
208 774 270 821 usu
291 754 477 820 habuerint.
525 754 618 836 Quod
633 752 821 835 praefracte
836 755 954 834 negari
973 754 1104 834 nequit:
1127 755 1226 821 facile
1249 756 1335 820 enim

155 858 238 924 talia
251 857 448 923 Graecorum
461 857 645 923 nominibus
660 855 933 940 reprimebantur,
949 862 987 922 ut
1001 856 1036 921 in
1050 859 1169 941 dapalis
1184 857 1335 941 vidimus,

155 967 271 1042 postea
286 960 407 1040 ubique
420 959 490 1025 fere
505 959 603 1023 Orion
615 958 799 1040 appellatis.
824 958 989 1040 Imprimis
1004 965 1120 1040 poetas
1136 960 1336 1026 Graecorum

155 1064 314 1130 vocabula
327 1063 501 1128 affectasse
523 1062 674 1144 vidimus
697 1080 770 1127 cum
785 1061 916 1127 nomina
930 1081 1011 1128 vere·
1024 1063 1172 1128 Romana
1187 1063 1336 1129 oratione

156 1167 265 1232 soluta
280 1170 501 1232 servarentur.
528 1166 642 1245 Neque
657 1171 769 1230 tamen
784 1164 841 1248 ita,
856 1169 895 1229 ut
910 1165 1110 1246 philosophis
1127 1171 1161 1232 et
1176 1185 1338 1249 gramma·

156 1269 234 1335 ticis
255 1288 365 1335 eorum
388 1268 565 1351 originatio
591 1267 762 1350 perlucida
792 1272 887 1333 esset.
936 1267 1028 1352 Quae
1058 1269 1190 1350 saepius
1216 1269 1266 1334 ita
1295 1270 1337 1334 ad

158 1371 354 1437 oblivionem
391 1373 528 1437 redacta
556 1375 614 1453 est,
645 1375 683 1435 ut
710 1369 909 1435 doctioribus
943 1370 978 1434 in
1010 1371 1203 1452 explicando
1241 1373 1337 1437 valde

159 1473 261 1538 fuerit
288 1475 519 1539 desudandum.

168 1659 170 1661 ι
245 1577 315 1641 Hoc
338 1595 465 1656 quoque
489 1595 530 1641 er
551 1575 602 1659 iis,
625 1594 709 1655 quae
731 1563 831 1656 supra
853 1575 958 1640 allata
981 1580 1066 1658 sunt,
1090 1575 1259 1641 discimus:
1282 1595 1337 1641 ne-

161 1698 327 1759 quaquam
347 1680 457 1744 eodem
473 1681 565 1744 modo
580 1697 690 1754 omnes
713 1678 829 1743 stellas
846 1678 1030 1759 appellatas
1050 1696 1121 1743 esse
1137 1698 1157 1743 6
1173 1677 1338 1744 Romania.

161 1783 230 1846 Aut
254 1781 339 1846 enim
360 1781 484 1863 singuli
506 1781 599 1863 ignes
622 1784 708 1864 sunt,
730 1786 768 1845 ut
790 1801 902 1863 caspar,
925 1785 984 1846 aut
1007 1781 1146 1846 maiores
1166 1780 1339 1846 constella-

160 1884 277 1966 tiones,
300 1888 337 1948 ut
358 1884 509 1964 aerpa‘lioc.
552 1883 722 1948 Interdum
745 1883 845 1948 etiam
869 1887 1019 1948 statuere
1049 1902 1227 1965 possumus
1256 1883 1340 1948 illud

160 1987 261 2069 prius,
284 1988 344 2051 hoc
366 1985 530 2067 posterius
550 1985 659 2067 fuisse,
682 1991 720 2050 ut
741 1987 885 2050 canicula
908 1991 943 2053 et
965 1987 1091 2050 raculae
1113 1987 1208 2052 initio
1231 2005 1340 2070 unam,

161 2089 278 2155 deinde
301 2090 412 2171 plures
434 2088 550 2154 stellas
569 2088 773 2172 significasse
795 2090 960 2155 videntur.
1005 2089 1091 2171 Quid
1113 2089 1202 2154 inter
1217 2094 1339 2155 utram·

161 2211 224 2272 que
255 2191 465 2274 significandi
494 2191 654 2256 rationem
682 2192 891 2273 interfuerit,
928 2191 1095 2273 explicare
1125 2191 1205 2256 mihi
1242 2192 1341 2257 liceat

161 2293 279 2360 Jacobi
301 2294 455 2360 Grimm
478 2293 589 2361 verbis
605 2294 625 2358 l.
640 2295 661 2359 l.
677 2313 705 2374 p.
721 2294 793 2376 609,
816 2293 873 2373 qui
894 2296 935 2359 (16
950 2294 1090 2376 singulis
1112 2294 1219 2359 stellis
1242 2293 1324 2358 dicit

122 2468 131 2489 ⁴
162 2397 215 2460 Ina
237 2397 392 2461 einzelnen
416 2396 506 2460 Stern
530 2397 611 2459 ua'rd
632 2398 683 2458 ein
703 2416 820 2475 ponaer
838 2395 968 2465 Menaria
991 2399 1024 2476 (a
1039 2396 1195 2461 Romanis
1210 2415 1263 2460 res
1286 2396 1341 2463 vel

163 2499 297 2584 animal)
320 2499 450 2583 arachen,
474 2499 550 2562 ohne
567 2497 736 2561 declaret
757 2497 821 2577 anf
839 2496 1068 2581 eipentdmla'cbe
1084 2497 1211 2578 (lestolt,
1234 2496 1343 2561 welche

162 2605 197 2665 a'n
218 2602 273 2665 der
292 2602 395 2666 Ferae
416 2601 544 2665 ohneba'n
567 2600 791 2666 oerscbaoindet.
835 2602 881 2665 Et
897 2602 937 2666 de
953 2600 1134 2666 sideribus:
1156 2600 1219 2664 Die
1235 2599 1342 2664 Storna

161 2704 253 2788 pedon
277 2705 337 2768 den
352 2705 476 2782 Gracnol,
498 2703 664 2788 praebeam
680 2704 730 2767 die
744 2703 892 2767 Knocben
906 2703 970 2796 ber,
992 2724 1046 2766 ana
1060 2703 1169 2767 welche
1189 2703 1239 2766 die
1260 2704 1342 2785 colle,

163 2827 220 2870 oon
240 2807 296 2871 dor
318 2807 618 2888 Eb'nbildanpsbroft
642 2807 802 2871 erscboute
822 2805 924 2891 Fa'pnr
944 2825 1076 2890 pezopen
1098 2806 1187 2869 acini.

249 2910 315 2976 Ubi
340 2915 469 2978 veteres
485 2910 624 2976 Romani
644 2913 725 2977 haec
748 2929 886 2992 corpora
908 2910 1066 2976 caelestia
1082 2910 1344 2992 appellaverant,

165 3018 223 3079 aut
246 3033 264 3079 e
285 3015 358 3079 luce
374 3013 514 3079 candida
533 3019 593 3080 aut
611 3014 826 3080 similitudine
842 3014 1048 3080 terrestrium
1063 3033 1181 3097 rerum,
1203 3014 1343 3095 plerum·

166 3135 228 3196 que
244 3115 327 3181 satis
343 3117 520 3200 habebant,
535 3125 640 3198 neque
656 3120 767 3199 plures
790 3117 1012 3198 opiniones
1032 3117 1239 3182 addiderunt.
1272 3115 1344 3181 Nisi
1380 3118 1382 3122 '

165 3217 250 3284 forte
276 3238 336 3300 per
365 3220 758 3301 anthropomorpbismum
791 3238 887 3299 quem
917 3237 1070 3285 vocamus
1099 3217 1182 3283 haec
1208 3236 1344 3298 corpora

165 3320 316 3387 humanis
340 3322 461 3388 similia
482 3327 694 3405 putaverunt,
716 3321 835 3388 animis
857 3321 1018 3403 praedita,
1049 3319 1167 3400 quibus
1196 3319 1231 3385 in
1254 3321 1344 3385 caelo

167 3429 226 3489 aut
249 3427 354 3490 eundo
377 3430 437 3491 aut
453 3427 600 3492 vehendo
618 3432 799 3508 moventur,
820 3443 905 3505 quae
928 3425 1068 3489 humano
1085 3442 1172 3488 more
1194 3421 1345 3487 oriuntur

167 3533 201 3591 et
221 3527 384 3594 occidunt.
428 3529 496 3594 Alii
519 3534 628 3596 autem
646 3528 792 3594 flammas
811 3528 972 3593 caelestes
993 3529 1240 3606 conspexerunt,
1260 3543 1345 3605 quae

166 3648 224 3695 suo
247 3634 391 3711 tempore
415 3634 637 3697 accenduntur
666 3636 700 3696 et
726 3629 973 3712 extinguuntur.
1026 3627 1090 3693 Sed
1119 3631 1197 3692 utut
1219 3628 1280 3692 hoc
1309 3645 1344 3692 se

167 3733 322 3816 habebat,
335 3736 507 3800 constabat
516 3739 636 3817 tamen,
649 3733 884 3815 annitempora
896 3737 930 3798 et
941 3734 1164 3812 tempestates
1177 3749 1262 3809 quae
1270 3732 1345 3810 post

167 3836 337 3900 stellarum
353 3841 460 3901 ortum
475 3855 666 3904 occasumve
681 3838 911 3918 nascebantur,
923 3839 1058 3916 propter
1072 3834 1164 3898 illum
1179 3832 1260 3917 fieri,
1276 3834 1306 3897 h.
1319 3851 1345 3897 e.

168 3956 188 4002 a
202 3937 309 4003 stellis
324 3937 431 4021 frigus
447 3944 481 4004 et
496 3940 644 4022 calorem,
665 3938 878 4004 serenitatem
895 3942 930 4003 et
948 3939 1052 4003 nubes
1075 3936 1148 4001 dari
1170 3939 1205 4000 et
1219 3935 1346 4017 negari.

168 4040 261 4122 Quod
284 4042 384 4107 aliter
405 4061 440 4108 66
462 4043 586 4108 babere
608 4047 726 4123 postea
748 4044 876 4107 demum
898 4041 1103 4107 intellectum
1126 4042 1185 4103 est.

255 4147 302 4208 At
318 4163 360 4209 ex
374 4144 436 4209 hac
452 4144 603 4226 opinione
618 4145 735 4210 stellas
751 4148 985 4225 tempestatum
1002 4141 1148 4208 dominas
1160 4158 1232 4205 6666
1247 4138 1347 4206 facile

169 4246 236 4312 alia
251 4248 486 4327 sequebantur:
503 4248 617 4313 stellas
632 4247 762 4313 omnino
777 4247 889 4313 divina
900 4250 1067 4328 potestate
1083 4261 1155 4309 esse
1166 4243 1347 4326 praeditae,

169 4367 241 4415 esse
256 4349 290 4415 in
305 4351 438 4416 deorum
454 4368 585 4416 numero
601 4350 773 4416 habendas
789 4350 1015 4429 colendosque.
1044 4348 1115 4413 Hoc
1130 4349 1218 4428 apud
1229 4347 1345 4412 Roma-
