3278 4964
229 359 303 448 127]
450 362 491 415 Da
509 361 649 416 stellarum
667 361 850 430 appellatione
867 367 896 417 et
911 363 1042 433 religione
1060 365 1182 420 Romana
1341 367 1405 432 219

227 542 303 597 hum
332 550 421 597 more
451 531 605 614 vestigiis
633 537 796 615 premunt,
808 533 832 617 ¹)
861 534 971 599 nullus
1001 535 1090 601 loeus
1113 542 1311 603 memoratur
1340 558 1403 619 quo

226 652 262 699 se
292 632 456 715 recipiant
487 653 593 714 neque
626 635 842 716 describitur,
873 654 937 717 qua
970 637 1097 703 ratione
1131 657 1169 704 eo
1198 640 1405 724 perveniant,

226 738 313 801 unde
337 736 389 801 die
415 735 531 819 fugato
560 737 765 818 proveniant.
816 739 879 804 Hic
909 739 1088 820 priscorum
1111 740 1304 808 Latinorum
1330 745 1404 809 doo-

226 838 324 904 trinis
346 838 538 904 testimonia
559 838 688 905 omnino
706 839 869 906 deficiunt.
912 843 1043 925 Elorum,
1066 844 1178 923 quide
1201 846 1263 910 hac
1284 864 1321 911 re
1344 846 1404 911 ali·

226 941 305 1022 quid
328 941 509 1023 edixerunt,
539 942 661 1007 Persae
684 941 853 1008 affirmant
875 959 1000 1010 omnem
1023 952 1145 1012 terram
1169 947 1308 1013 cinctam
1332 967 1404 1014 esse

226 1061 315 1109 muro
335 1046 473 1124 quodam
489 1044 662 1126 montium,
685 1046 800 1111 stellas
822 1046 973 1113 labentes
996 1047 1143 1114 interdiu
1158 1051 1219 1115 sub
1241 1050 1293 1116 his
1317 1069 1404 1117 mon-

225 1145 314 1212 tibus
330 1149 373 1212 ad
388 1165 442 1212 eos
457 1147 543 1211 locos
558 1146 710 1230 migrare,
733 1151 818 1214 uude
834 1168 971 1229 vespere
990 1150 1175 1237 oriantur,²)
1197 1172 1228 1217 v.
1243 1154 1267 1219 J
1276 1167 1404 1220 enseu

226 1247 419 1332 Kosmolopie
438 1248 496 1312 der
517 1249 704 1331 Bcbploao'er
733 1269 808 1334 pag.
832 1252 904 1316 210.

312 1351 382 1434 Quo
404 1355 497 1417 modo
519 1353 602 1417 haec
631 1352 766 1418 numina
787 1360 885 1419 noctu
908 1354 995 1420 inter
1017 1374 1052 1420 se
1075 1362 1258 1438 versentur,
1291 1357 1405 1438 paucis

226 1453 393 1519 illustrare
416 1473 576 1520 conemur.
621 1456 786 1536 Populare
812 1455 903 1536 illud,
937 1460 1021 1537 quod
1043 1458 1282 1540 Aristophanes
1304 1460 1403 1526 Pacis

227 1575 258 1623 v.
280 1558 343 1623 825
351 1576 420 1638 sqq.
450 1557 573 1639 illudit,
603 1559 773 1624 stellarum
803 1558 902 1624 aliam
932 1558 1067 1626 divitem
1098 1561 1197 1627 aliam
1226 1581 1405 1643 pauperem

226 1677 306 1742 esse,
335 1679 561 1741 pauperesque
592 1660 714 1726 divites
744 1661 844 1743 adire,
877 1667 915 1727 ut
945 1681 1016 1727 cum
1050 1662 1097 1728 eis
1127 1664 1310 1748 epulentur,
1339 1685 1404 1731 non

227 1767 394 1843 receptum
418 1766 468 1828 est
484 1782 504 1827 1
519 1763 690 1844 Romanis;
714 1765 771 1828 sod
787 1782 881 1829 nosse
896 1783 1152 1846 unamquamque
1169 1767 1307 1832 alteram
1324 1767 1405 1833 dicit

228 1864 357 1930 Statius
380 1865 428 1930 VI
450 1867 521 1931 218.
569 1866 640 1930 Non
662 1865 862 1949 mirabimur,
893 1869 977 1947 quod
1007 1868 1068 1933 hoc
1091 1870 1315 1936 commercium
1345 1890 1404 1954 per

227 1966 394 2033 silentium
416 1968 462 2050 fit,
486 1987 515 2034 v,
537 1970 667 2034 Anthol.
690 1969 747 2034 lat.
767 1969 785 2033 l
807 1989 879 2052 pag.
902 1971 966 2035 370
980 1990 1011 2037 v.
1034 1972 1069 2037 3:

380 2109 508 2169 etcum
530 2107 621 2171 nulla
641 2125 752 2188 parem
777 2112 913 2173 conetur
936 2091 1058 2189 alloqui
1080 2109 1192 2176 verbis

381 2221 455 2272 suos
477 2210 645 2274 moderato
667 2215 804 2276 servant
826 2210 860 2274 in
884 2211 997 2277 ordine
1020 2212 1171 2293 rursusi)

312 2343 461 2409 Vidimus
477 2343 511 2408 in
527 2344 714 2410 excolendis
730 2345 944 2429 opinionibus,
960 2366 1041 2427 quas
1056 2349 1163 2413 adhuc
1178 2350 1218 2413 de
1234 2349 1405 2414 stellarum

228 2445 414 2512 numinibus
439 2465 459 2511 a
481 2447 637 2513 Romanis
666 2448 755 2513 latas
777 2449 962 2532 statuimus,
992 2449 1190 2515 Graecorum
1220 2449 1405 2517 sententias

226 2548 401 2630 plurimum
423 2548 577 2616 valuisse.
632 2551 701 2615 Hoc
731 2549 816 2615 idem
847 2550 956 2616 dicere
984 2552 1147 2632 debemus
1179 2571 1251 2617 oum
1281 2554 1324 2617 ad
1350 2572 1405 2620 eos

226 2651 314 2718 viros
335 2652 581 2735 accesserimus,
611 2652 667 2733 qui
700 2652 788 2718 inter
809 2654 972 2719 Romanos
1001 2653 1111 2719 sidera
1144 2673 1201 2735 pro
1231 2654 1311 2736 ipsis
1341 2655 1405 2722 diis

228 2758 433 2835 acceperuut.
488 2754 533 2819 Hi
565 2755 725 2836 imprimis
754 2756 938 2838 philosophi
974 2762 1068 2840 sunt,
1101 2757 1158 2839 qui
1190 2757 1225 2823 in
1256 2758 1406 2824 Platonis

227 2856 416 2922 Aristotelis
438 2857 619 2923 Stoicorum
629 2858 655 2943 ⁴)
677 2859 861 2925 sententias
883 2859 1088 2927 iuraverunt.
1139 2860 1282 2943 Quorum
1306 2861 1406 2928 affero

317 3061 335 3129 ¹)
354 3061 386 3116 V.
405 3077 488 3128 supra
504 3077 567 3130 pag.
587 3063 637 3116 111
656 3064 719 3117 adn.
739 3064 762 3116 1.

315 3145 336 3216 ²)
354 3147 459 3200 Addam
473 3147 588 3202 alteram
606 3150 701 3203 rudem
720 3155 803 3217 atque
816 3155 953 3218 agrestem
965 3151 1148 3205 narrationem
1167 3151 1200 3205 do
1212 3151 1308 3205 diurno
1320 3156 1406 3208 astro·

228 3248 288 3286 rum
300 3232 448 3286 domicilio:
467 3232 594 3287 dicuntur
606 3233 677 3287 enim
690 3233 779 3288 sidera
790 3250 843 3287 non
857 3235 889 3288 de
907 3235 981 3288 caelo
992 3235 1185 3289 descendentia
1196 3237 1244 3289 sed
1256 3236 1284 3289 in
1302 3237 1406 3291 caelum

228 3316 316 3385 ipsum
334 3317 491 3387 migrantis,
510 3319 558 3372 ubi
575 3324 649 3373 11111
667 3335 759 3373 eorum
777 3317 921 3373 aedificata
934 3324 1012 3388 sunt;
1031 3335 1101 3386 quae
1118 3319 1277 3387 relinquunt
1294 3336 1406 3389 vespero

228 3408 350 3472 vocante,
366 3408 399 3458 ut
411 3403 511 3457 eisdem
524 3405 680 3458 muneribus
692 3403 845 3473 iungantur
857 3404 955 3471 quibus
967 3404 1088 3459 homines
1100 3404 1129 3459 in
1141 3405 1230 3475 terris,
1243 3421 1269 3459 v.
1284 3405 1406 3461 Ratae·

228 3487 313 3542 lium
332 3489 350 3542 l.
368 3488 386 3543 l.
404 3489 434 3542 Il
452 3505 515 3557 pag.
534 3489 576 3544 88.

316 3573 336 3641 ⁸)
355 3573 488 3628 Graecum
511 3575 653 3630 inventum
676 3581 726 3645 est,
756 3575 779 3628 si
806 3576 879 3643 apud
903 3575 1042 3630 Catullum
1068 3591 1144 3629 coma
1166 3574 1310 3630 Berenices
1339 3575 1407 3630 dicit

229 3658 319 3714 LXVI
331 3660 377 3713 72:
402 3676 450 3713 uec
467 3660 493 3713 11
510 3678 552 3714 me
569 3660 679 3728 aufertis
697 3661 851 3729 discerpent
872 3661 965 3715 sidero
987 3661 1077 3716 dictis.
1112 3663 1153 3716 Da
1175 3661 1257 3715 111111
1279 3661 1407 3729 loquente

229 3760 255 3799 v.
284 3747 319 3800 Η.
346 3746 478 3800 Usener
501 3746 793 3816 Rei-ipioospescbicbtl.
823 3747 1094 3816 Uutersucbunqeul
1117 3763 1180 3817 pag.
1205 3747 1255 3815 363
1280 3746 1406 3801 Ratzal

234 3830 449 3885 VolkerlcuudeI
471 3848 535 3901 pag.
560 3833 601 3886 16.
626 3863 658 3871 -
686 3833 835 3888 Christiani
858 3848 987 3902 persaepe
1010 3833 1104 3887 stellas
1130 3834 1270 3901 loquentes
1296 3831 1408 3901 tingunt

229 3920 312 3984 atque
336 3922 450 3971 narrant
467 3932 513 3970 eas
531 3918 611 3972 deum
634 3918 761 3973 laudibus
785 3918 955 3987 praedicare;
981 3918 1051 3988 legis
1077 3919 1202 3986 exempla
1225 3917 1407 3986 compositae

229 4001 259 4055 F.
278 4002 383 4070 Piper
401 4003 419 4056 l.
437 4003 455 4056 l.
474 4019 537 4071 pag.
556 4003 615 4056 205.

315 4086 336 4154 ⁴)
355 4089 388 4142 V.
407 4088 439 4142 E.
452 4088 540 4142 Zellar
557 4087 601 4141 III
614 4088 628 4140 1
641 4104 705 4158 pag.
718 4088 776 4156 190,
795 4089 854 4144 310.
889 4089 949 4143 Hac
967 4104 1072 4157 quoque
1090 4088 1119 4142 in
1136 4103 1165 4142 re
1177 4087 1329 4156 philosophi
1346 4104 1406 4143 oon·

229 4171 337 4240 spirant
353 4189 414 4227 cum
426 4173 550 4241 opinione
563 4173 726 4227 Graecorum
740 4175 871 4243 populari.
895 4174 996 4229 Stellae
1007 4174 1141 4241 Aeschylo
1154 4189 1232 4242 reges
1244 4173 1330 4228 validi
1341 4179 1408 4229 sunt

230 4257 431 4327 (1311111111.
456 4259 508 4313 Sed
520 4276 573 4314 non
583 4259 669 4314 solum
682 4259 847 4313 Graecorum
860 4259 1025 4328 philosophis
1035 4265 1064 4314 et
1072 4259 1160 4327 poetis
1169 4259 1265 4314 stallae
1277 4258 1316 4314 dii
1327 4265 1407 4314 erant

230 4358 325 4398 verum
335 4344 418 4398 etiam
427 4345 538 4413 populo:
550 4345 695 4406 hooelucet
705 4360 737 4399 ex
746 4344 911 4414 demnatum
921 4345 1104 4414 anathemata,
1115 4344 1185 4413 quod
1194 4349 1257 4416 post
1264 4344 1407 4401 victoriam
