3292 4958
187 375 241 464 53]
409 377 450 431 De
469 377 610 431 stellarum
629 376 810 445 appellatione
829 381 858 430 et
874 375 1006 445 religione
1023 376 1145 430 Romane
1303 378 1366 444 145

187 548 305 628 quibus
335 548 497 612 Arcturus
529 553 587 612 aut
620 541 750 627 vesperi
780 547 948 612 oriebatur
978 551 1037 612 aut
1063 565 1158 612 mane
1188 548 1366 629 occidebat,

186 650 397 731 procellosior
419 668 508 715 mare
531 667 603 714 esse
626 649 762 714 solebat.
807 648 900 730 Quod
923 651 1074 714 docemur
1095 668 1115 714 a
1138 649 1278 732 Vegetio
1301 650 1365 714 mil.

187 772 235 832 ep.
258 753 306 817 IV
322 752 378 817 39:
402 773 423 814 o
445 752 495 815 die
521 751 569 815 VI
578 752 654 816 Καί.
677 750 791 814 Iunios
809 770 907 831 aspere
927 752 963 814 ire
985 753 1119 814 Arcturi
1141 756 1251 832 ortum,
1272 751 1365 816 idest

185 857 221 918 iri
243 853 323 917 diem
351 853 442 919 VIII.
466 855 616 917 destruere
634 854 709 918 Kal.
734 853 883 930 Octobres,
906 873 1014 917 sectere
1039 855 1195 934 rmoipetio
1218 854 1363 932 creditur,

186 959 261 1037 puio
276 958 402 1020 aetatis
417 956 556 1037 beneficio
571 961 728 1019 ventorum
744 955 893 1019 acerbius
908 958 1088 1036 arriperem
1099 962 1169 1038 post
1183 957 1237 1019 Ieoc
1248 961 1366 1036 tempas

186 1080 282 1140 uispeee
303 1062 337 1122 ire
353 1060 477 1122 tertiare
499 1058 572 1121 ides
586 1058 769 1121 Novembres
785 1060 905 1122 iecerto
919 1061 1075 1138 reeipmio
1090 1063 1134 1122 est
1148 1063 1177 1121 et
1191 1059 1366 1121 discreverim

183 1164 331 1244 proprior
356 1166 527 1243 propterea,
560 1163 635 1241 qaia
659 1165 729 1241 post
757 1160 831 1224 ides
860 1160 1048 1242 Septembres
1077 1163 1179 1224 ortter
1200 1164 1366 1244 Arcturus,

186 1265 480 1328 creiemeretissircerre
508 1263 605 1329 sides.
660 1263 705 1326 Et
740 1262 830 1327 VIII.
856 1263 930 1328 Καὶ.
963 1262 1103 1326 Octobres
1134 1264 1367 1343 aequinoctialis

186 1369 282 1430 eoepit
307 1367 416 1430 acerbe
439 1370 605 1448 tempestas.

273 1469 346 1551 Qua
368 1468 403 1534 in
425 1489 461 1534 re
485 1470 704 1533 adnotandum
722 1473 780 1551 est,
803 1468 838 1533 id
859 1470 943 1547 quod
965 1467 1031 1531 iarn
1054 1469 1094 1532 de
1117 1467 1268 1533 canicula
1283 1468 1366 1532 diri-

188 1590 267 1651 mus
289 1576 422 1636 veteres
445 1589 529 1650 quae
552 1575 626 1651 post
648 1570 739 1634 sidus
763 1575 910 1634 exortum
934 1569 1059 1634 fiebant
1090 1588 1150 1650 per
1178 1571 1238 1634 hoc
1261 1570 1367 1650 ipsum

190 1674 281 1738 sidus
305 1673 396 1737 facta
420 1691 491 1737 esse
513 1678 673 1752 putasset,
691 1672 741 1736 ita
767 1673 827 1736 hoc
856 1673 925 1737 loco
948 1676 1163 1751 tempestates
1193 1676 1368 1737 moventur

188 1776 230 1839 ab
253 1775 402 1856 Arcturo,
418 1775 702 1842 vehementissimo
722 1774 866 1858 sideros)
896 1774 931 1839 si
948 1780 1058 1838 autem
1074 1794 1093 1838 a
1109 1774 1245 1840 Graecis
1268 1775 1367 1839 semel

188 1877 374 1942 didicerant
395 1876 532 1941 Romani
549 1882 716 1941 arcturum
732 1877 900 1956 appellare
921 1882 955 1940 et
967 1878 1152 1959 observare,
1176 1879 1215 1941 de
1230 1876 1367 1956 reliquis

187 1979 394 2059 opinionibus
425 1979 488 2042 iam
520 1978 628 2043 dicere
658 1997 721 2043 non
752 1997 921 2058 possumus
955 1983 1064 2043 utrum
1094 1999 1114 2043 a
1144 1979 1281 2044 Graecis
1311 1997 1367 2044 eas

187 2081 420 2147 transtulerint
435 2081 574 2146 Romani
590 2100 633 2145 an
649 2100 710 2145 sua
726 2080 869 2160 ipsorum
885 2081 1114 2146 observatione
1127 2081 1368 2147 adinvenerint.

187 2185 314 2266 Quibus
336 2186 511 2248 adnumero
535 2186 704 2263 quodnon
727 2183 865 2248 inmari
889 2189 1019 2248 tantum
1043 2183 1282 2264 dominabatur,
1311 2185 1368 2249 sed

189 2287 288 2352 etiam
310 2287 345 2352 in
368 2292 458 2351 terra
480 2290 597 2351 ventos
619 2286 747 2365 pluvias
771 2286 966 2366 grandinem
989 2285 1096 2368 frigus
1119 2288 1281 2368 movebat,
1305 2305 1368 2366 quo

188 2390 297 2468 fiebat,
320 2395 357 2453 ut
379 2393 512 2468 praeter
533 2392 654 2452 nautas
676 2387 792 2451 rustici
816 2405 942 2467 quoque
966 2389 1091 2451 arcturi
1115 2388 1280 2468 periodum
1312 2389 1367 2452 ob·

189 2496 369 2573 servarent,
382 2496 418 2554 ut
435 2489 541 2568 qualis
557 2494 736 2569 tempestas
747 2489 860 2553 futura
876 2493 963 2554 esset
979 2489 1177 2554 divinarent.
1189 2490 1368 2554 Incidimus

189 2593 223 2657 in
246 2593 347 2657 talem
368 2591 629 2657 observationem
652 2593 740 2671 apud
764 2591 973 2656 Columellam
996 2592 1048 2655 XI
1069 2593 1098 2671 2,
1121 2593 1177 2655 21;
1210 2590 1271 2655 ΙΧ.
1293 2591 1368 2656 Koi.

188 2695 305 2757 Martii
327 2695 486 2757 Arcturus
501 2695 608 2774 priene
633 2698 718 2756 nocte
747 2695 855 2775 oritur,
882 2693 1023 2774 fripidus
1052 2693 1118 2756 dies
1140 2694 1296 2773 Aquilone
1324 2694 1369 2756 oei

192 2796 286 2878 Coro,
323 2796 480 2859 ieterdeem
510 2797 625 2876 pluvie.
638 2796 662 2880 2)
706 2796 754 2861 Ib.
779 2797 836 2861 43:
866 2795 918 2858 XI
947 2801 975 2859 et
1000 2797 1035 2859 X
1062 2795 1225 2859 Koieredes
1253 2796 1369 2860 Iertes

188 2901 348 2962 Aroteres
363 2919 454 2962 more
472 2899 587 2982 occidit,
610 2903 816 2981 tempestatem
836 2899 1029 2983 specificati)
1074 2898 1160 2982 Quin
1177 2898 1275 2964 etlam
1297 2899 1368 2963 eius

190 3003 344 3068 momenti
366 3007 517 3067 arcturus
540 3001 694 3084 agricolis
717 3002 790 3084 fuit,
820 3006 857 3066 ut
887 3004 929 3066 ad
952 3002 1023 3066 eius
1046 3006 1136 3066 ortus
1171 3006 1205 3066 et
1235 3019 1368 3066 occasus

190 3106 286 3171 varia
315 3124 414 3186 opera
441 3105 567 3170 rustica
597 3104 870 3184 describerentur,
901 3123 984 3184 quae
1013 3123 1207 3169 enumerare
1235 3105 1368 3187 longum

190 3213 255 3272 est:
287 3213 535 3272 commemorata
570 3226 609 3272 ea
638 3206 787 3271 invenies
821 3209 908 3286 apud
938 3208 1114 3286 scriptores
1144 3205 1193 3270 rei
1223 3207 1369 3271 rusticae

190 3328 219 3373 v.
237 3329 261 3374 c.
279 3309 454 3373 Varronem
472 3310 510 3373 R.
528 3329 554 3373 r.
577 3309 659 3389 135,
675 3310 704 3372 2.
726 3308 761 3372 Π
778 3310 806 3389 1,
823 3310 871 3373 18.
891 3309 926 3372 Π
941 3310 969 3388 2,
994 3310 1042 3372 13.
1065 3308 1117 3372 III
1134 3309 1184 3388 16,
1208 3309 1264 3387 34;
1288 3308 1368 3373 Ver-

189 3410 304 3492 gilium
335 3411 451 3491 Georg.
482 3410 570 3475 168.
597 3410 674 3490 229;
706 3409 914 3474 Columellam
944 3410 979 3473 II
1008 3410 1056 3490 10,
1087 3411 1137 3473 21.
1166 3409 1217 3472 IX
1247 3410 1369 3490 14,16.

192 3515 241 3578 17.
265 3514 321 3592 18;
345 3511 421 3578 uide
444 3518 577 3592 praeter
605 3512 664 3577 hos
694 3510 837 3576 Plinium
861 3511 936 3576 Nat.
959 3510 1036 3576 bist.
1057 3511 1109 3575 XI
1131 3512 1183 3576 43.
1212 3511 1294 3575 XVI
1317 3511 1368 3575 99.

190 3615 272 3680 XVI
294 3616 363 3680 188.
386 3615 486 3679 XVII
509 3616 580 3680 131.
603 3615 672 3679 134.
695 3615 767 3680 236.
788 3615 907 3679 XVIII
924 3615 994 3679 137.
1018 3614 1088 3679 262.
1133 3614 1197 3679 Sed
1220 3613 1369 3679 omnibus

190 3717 241 3783 his
266 3718 346 3783 loeis
370 3736 449 3797 quos
469 3719 560 3783 modo
577 3717 766 3783 enumeravi
788 3717 849 3783 hoe
864 3735 1031 3782 commune
1047 3721 1105 3800 est,
1128 3719 1213 3796 quod
1238 3721 1369 3781 arcturo

278 3925 297 3990 1)
316 3922 438 3977 Eandem
463 3921 627 3976 sententiam
655 3921 741 3976 tradit
764 3921 870 3976 Plinius
890 3921 952 3974 Nat.
977 3921 1040 3974 hist.
1065 3919 1176 3988 11106;
1200 3919 1262 3974 vide
1287 3920 1370 3974 etiam

190 4006 270 4061 Solin.
289 4008 330 4061 XI
348 4009 388 4076 25,
414 4008 487 4062 Serv.
506 4008 589 4075 Verg.
608 4007 706 4076 Georg.
724 4007 739 4059 Ι
755 4007 796 4060 67.

277 4092 297 4161 ²)
315 4094 348 4146 In
367 4098 490 4148 veterum
509 4093 600 4147 varias
618 4091 737 4146 rationes
755 4092 901 4146 definiendi
925 4090 1028 4145 arcturi
1052 4098 1127 4143 ortus
1146 4096 1174 4144 et
1198 4106 1306 4145 occasus
1329 4091 1369 4144 in·

191 4177 298 4245 quirere
316 4179 438 4233 consulto
457 4178 603 4246 supersedi,
622 4192 656 4230 ne
674 4176 783 4244 longius
802 4177 849 4230 abs
867 4177 974 4245 incepto
991 4176 1121 4231 traherer.

278 4263 298 4330 ³)
317 4263 385 4317 Vide
404 4263 487 4317 etiam
505 4263 577 4318 Plin.
601 4262 665 4318 Nat.
688 4262 753 4316 hist.
772 4262 867 4316 XVIII
885 4262 950 4330 311;
981 4261 1083 4316 Colum.
1103 4260 1143 4314 XI
1161 4261 1186 4330 2,
1205 4261 1246 4316 21.
1265 4262 1306 4315 45.
1326 4260 1368 4315 63.

191 4347 239 4416 65;
257 4348 351 4402 Claud.
370 4349 437 4402 XXI
456 4348 513 4402 123.
