3292 4958
179 363 234 442 91]
403 359 444 414 De
461 359 603 413 stellarum
621 358 802 426 appellatione
820 364 848 412 at
865 358 997 428 religione
1015 359 1137 413 Romana
1296 361 1358 426 183

179 532 293 598 centis.
345 531 463 596 Fusius
495 532 535 595 de
570 549 610 595 ea
643 531 788 610 loquitur
817 529 990 612 Manilius,
1027 530 1119 596 cuius
1157 531 1260 598 uerba
1293 532 1356 597 huc

179 632 364 716 spectantia
386 634 506 698 addere
529 632 623 698 iuvat
644 633 662 697 I
684 634 746 698 387
758 651 841 713 sqq.:

329 753 472 818 Cernere
494 752 637 819 uIcinnm
661 751 809 818 Geminis
834 752 914 817 lieet
937 752 1065 834 Oriona,

327 856 362 920 in
385 873 539 936 magnam
562 854 646 920 caeli
667 856 857 919 tendentem
879 854 1035 921 bracchia
1057 861 1193 937 partem,

327 976 388 1022 nec
410 956 517 1022 minus
540 962 675 1022 extento
698 961 886 1038 surgentem
910 957 1021 1022 sidera
1043 977 1158 1038 passm

328 1059 462 1141 singula
484 1058 651 1141 fulgentes
675 1059 825 1124 humeros
848 1059 902 1125 cui
925 1059 1051 1124 lumina
1072 1060 1216 1143 signant,

328 1168 362 1227 et
385 1161 491 1227 tribus
515 1162 654 1242 obliquis
678 1162 838 1226 demissus
860 1162 994 1227 ducitur
1016 1162 1114 1228 ensis.

328 1264 375 1329 At
398 1269 498 1345 caput
520 1263 621 1330 Orion
644 1265 772 1329 excelso
794 1265 971 1330 immensus
995 1263 1146 1346 Olympo·

326 1386 386 1448 per
407 1367 475 1433 tria
498 1367 658 1433 subducto
681 1367 834 1449 signatur
856 1367 981 1432 lumina
1003 1367 1116 1448 vultu;

325 1488 389 1534 non
406 1471 491 1550 quod
506 1471 598 1534 clara
613 1470 728 1551 mInuS,
750 1471 808 1535 sed
825 1471 909 1549 quod
926 1469 1031 1551 magis
1047 1470 1118 1535 alta
1133 1470 1299 1535 recedant.

326 1572 397 1637 Hoc
420 1575 501 1637 duce
523 1591 582 1654 per
605 1576 710 1636 totum
733 1573 913 1637 decurrunt
935 1572 1046 1637 sidera
1067 1570 1259 1654 mundum.1)

258 1707 346 1773 Hinc
371 1709 486 1775 uidere
516 1727 694 1791 possumne,
722 1711 877 1790 quomodo
907 1713 1037 1776 veteres
1066 1714 1184 1790 poetae
1213 1707 1352 1790 figuram

172 1809 341 1877 venatoris
365 1830 435 1876 cum
459 1811 644 1893 iugulorum
663 1811 770 1877 stellis
791 1810 1058 1878 consociaverint.
1102 1811 1189 1893 Quid
1211 1810 1246 1875 in
1260 1810 1354 1893 geni·

172 1918 250 1978 tura
266 1915 326 1979 hoc
341 1915 431 1978 sidus
447 1916 625 1979 secundum
641 1914 851 1996 astrologiam
871 1914 1023 1996 valuerit,
1043 1917 1196 1979 docemur
1210 1912 1352 1978 Firmico

172 2017 324 2082 Materno
340 2017 479 2081 Matios.
494 2017 578 2082 VIII
595 2019 644 2099 16,
667 2016 723 2096 qui
738 2018 799 2082 sub
817 2036 854 2082 eo
870 2017 961 2082 nasci
976 2017 1051 2082 vult
1068 2015 1215 2081 homines
1238 2014 1352 2082 anxios

171 2117 343 2201 inquietos
365 2120 495 2201 legatos
515 2138 653 2201 peregre
677 2119 861 2185 morlentes.
905 2120 1090 2186 Prooelloso
1107 2138 1222 2200 nempe
1244 2119 1351 2184 sidere

172 2221 395 2301 exagitantur.

258 2324 367 2403 Atque
389 2325 472 2389 baec
487 2326 527 2389 de
547 2324 730 2405 astrologis
776 2324 1036 2409 ChristIanorum
1052 2323 1191 2404 denique
1205 2322 1350 2388 Isidorus

171 2426 212 2490 de
233 2431 302 2490 nat.
324 2445 387 2490 rer.
409 2427 525 2491 XXVI
548 2429 567 2491 8
599 2425 735 2492 Oriones
762 2424 939 2508 symbolice
968 2427 1225 2506 interpretatur:
1252 2427 1350 2508 steni·

173 2526 270 2607 ficunt
292 2535 453 2610 martyres,
476 2548 549 2590 eom
572 2530 651 2591 sicut
670 2531 724 2591 isti
742 2533 915 2591 nosceretur
935 2530 971 2590 e're
986 2529 1066 2592 coelo
1087 2535 1217 2608 tempore
1237 2527 1351 2606 hiemis,

168 2632 215 2692 o'to
236 2631 270 2692 r'rr
294 2631 418 2693 eeclesia
442 2638 597 2713 roartpres
613 2630 784 2714 procedunt
807 2637 937 2710 tempore
957 2633 1182 2711 persecutionis

256 2734 426 2798 Postremo
441 2740 595 2815 tempore,
611 2734 640 2798 si
653 2733 825 2798 Bartsohio
840 2735 861 2799 l.
877 2751 900 2798 s,
913 2753 942 2814 p.
954 2735 996 2798 96
1011 2734 1107 2799 fidem
1119 2734 1240 2798 habere
1256 2731 1349 2813 velis,

170 2835 354 2900 Christiani
377 2835 474 2901 varia
496 2837 536 2901 de
566 2835 688 2918 lugulis
710 2836 985 2922 fabulabantur.²)
1031 2838 1100 2901 Aut
1128 2853 1240 2901 sacras
1270 2833 1348 2900 scri·

170 2942 286 3018 pturas
320 2937 424 3003 secuti
454 2939 575 3004 Iosiam
607 2957 679 3004 eum
709 2940 865 3004 dixerunt
894 2939 1081 3004 vincentem
1107 2939 1285 3004 Amoraeos
1316 2941 1350 3002 et

171 3041 360 3107 Cananaoos
382 3042 462 3126 (Jos.
479 3043 541 3123 11),
564 3043 618 3108 vel
641 3042 829 3108 Ismaelium
853 3042 946 3123 (Gen.
966 3042 1051 3106 XXI
1073 3042 1143 3125 20);
1166 3042 1349 3122 Iosephum,

169 3162 302 3210 uxorem
325 3143 461 3226 Mariae,
484 3164 555 3209 eum
572 3145 702 3210 dixerat
725 3146 748 3211 J
757 3146 807 3210 ul.
834 3144 1023 3210 Sohiller
1047 3144 1174 3208 Ocelum
1195 3145 1349 3207 stellatum

169 3244 381 3330 christianum,
403 3267 433 3313 v.
449 3248 485 3312 P.
500 3247 629 3327 Piper
645 3249 665 3312 l.
681 3247 701 3312 l.
717 3266 747 3327 p.
763 3249 825 3312 307
834 3273 841 3327 3
857 3247 915 3312 alii
929 3253 1120 3312 venatorem
1140 3247 1195 3313 vel
1210 3247 1349 3328 giganta

168 3350 350 3432 putabant,
388 3349 517 3415 Orionis
548 3349 688 3414 debilem
719 3349 905 3414 memoriam
929 3354 1108 3430 servantes,
1128 3354 1187 3413 aut
1209 3348 1348 3426 denique

167 3456 331 3532 aratrum3
356 3454 395 3516 de
418 3470 480 3531 quo
503 3452 581 3517 vide
605 3470 704 3532 supra
726 3471 756 3532 p.
778 3452 819 3516 88
843 3453 916 3516 adn.
940 3453 967 3516 1.

257 3653 274 3721 ¹)
293 3653 336 3708 Ab
363 3653 462 3709 Orione
485 3654 558 3708 enim
578 3654 753 3724 principium
780 3654 949 3708 australium
978 3654 1134 3723 signorum,
1159 3669 1276 3721 quorum
1304 3653 1347 3708 io-

166 3738 291 3809 ar‘yoioro
310 3781 336 3796 ..
357 3740 407 3794 toti
431 3740 490 3794 orbi
513 3740 686 3794 illucescunt:
711 3740 919 3795 commentarius
943 3739 1105 3794 Stoeberi
1128 3741 1244 3808 Argent.
1271 3739 1347 3793 1767.

167 3823 227 3890 Qua
238 3824 424 3880 observatIone
437 3826 607 3894 explanatur,
626 3825 799 3894 quamobrem
812 3825 894 3880 Orion
906 3825 973 3880 caeli
992 3832 1083 3880 custos
1098 3825 1128 3879 in
1140 3825 1256 3879 australi
1269 3830 1348 3893 parte

166 3909 275 3964 dicatur
293 3927 309 3964 a
327 3911 476 3964 Claudiano
494 3912 549 3965 VII
569 3912 632 3966 171:
657 3912 793 3965 australes
810 3914 916 3965 reserat
929 3913 1027 3979 portos
1044 3911 1199 3964 cormesius
1219 3909 1312 3964 Orion.

253 3995 274 4064 ²)
292 3996 360 4050 Cum
373 3983 588 4051 Christianorum
601 3996 730 4050 doctrinis
742 3997 875 4064 cohaeret,
888 3997 958 4064 quod
971 3997 1044 4064 apud
1055 4001 1191 4050 nostrates
1206 3995 1348 4065 cingulum

167 4079 272 4134 Orionis
289 4082 448 4149 plerumque
466 4081 567 4136 dicitur
583 4080 733 4136 Jolrobotab
752 4082 795 4135 val
815 4081 881 4136 seco
900 4081 945 4135 dea
963 4080 1078 4150 heiligen
1095 4080 1192 4137 Jalrob.
