3278 4964
239 331 272 418 3]
326 406 327 409 Ἴ
455 332 497 386 De
515 331 657 386 stellarum
675 331 856 400 appellatione
874 336 904 386 et
920 330 1053 400 religione
1070 332 1192 387 Romana
1373 335 1416 404 95

238 500 370 574 nomina
384 501 446 569 illa
460 520 525 567 non
540 503 609 568 suis
620 500 763 582 ipsorum
774 501 974 583 temporibus
989 500 1146 585 viguisse,
1160 504 1218 570 sed
1230 505 1273 570 ad
1288 521 1416 575 cascum

237 603 470 686 antiquitatem
491 602 609 669 redire.
652 602 762 684 thue
785 621 825 669 ex
847 603 914 668 illis
935 602 1137 685 singulorum
1159 603 1232 674 fata
1253 607 1297 672 ad
1318 605 1416 674 finem

236 708 458 788 perducerem,
480 704 640 788 quaesivi,
662 705 818 786 quamdiu
839 705 1010 772 floruerint
1032 706 1276 775 vetustissimae
1297 707 1415 775 Roma·

236 827 348 876 norum
376 807 650 890 significationes,
688 827 773 888 quae
796 806 850 873 hic
878 807 950 873 illic
977 808 1065 874 inter
1087 815 1211 892 'gentes
1240 809 1415 878 aLatinis

236 910 384 978 oriundis
405 909 502 976 hodie
524 929 653 991 quoque
675 910 799 992 vigent.
843 910 989 992 Quarum
1016 911 1187 978 stellarum
1216 916 1255 977 ut
1282 913 1415 982 nomina

235 1014 445 1095 illustrarem,
457 1013 575 1079 addidi
589 1011 734 1080 virorum
750 1015 916 1078 doctorum
936 1016 970 1079 et
984 1018 1132 1081 veterum
1147 1018 1182 1080 et
1196 1014 1414 1081 recentiorum

235 1116 541 1197 interpretationem
565 1119 602 1180 nt
625 1114 793 1196 opiniones
814 1115 1036 1199 explanarem,
1059 1117 1186 1185 recurri
1206 1119 1251 1183 ad
1272 1117 1414 1187 aliarum

235 1219 384 1304 gentium
406 1217 585 1299 religiones
606 1217 799 1297 persimiles.

319 1337 367 1403 111
392 1339 453 1403 hac
475 1342 589 1402 nostra
612 1341 724 1402 aetate
752 1335 886 1417 plurimi
915 1337 1071 1402 mortales
1100 1356 1281 1419 perpaucas
1309 1339 1413 1404 solnm

236 1441 349 1506 stellas
371 1445 534 1505 noverunt
557 1444 592 1504 11
614 1438 793 1522 appellant,
814 1438 864 1504 ita
885 1439 1022 1504 Romani
1042 1457 1169 1520 quoque
1190 1459 1313 1520 paucas
1339 1459 1412 1521 pro·

235 1541 316 1623 11111
331 1541 516 1607 nominibus
532 1540 768 1608 discreverunt.
805 1541 944 1606 Plautus
959 1540 1054 1623 enim,
1072 1541 1229 1612 sermonis
1244 1543 1412 1623 popularis

236 1643 401 1709 studiosus
423 1647 557 1726 amator,
579 1662 643 1710 uno
664 1643 734 1709 loco
756 1641 826 1709 fere
846 1643 956 1710 ,omnia
985 1643 1157 1711 stellarum
1179 1643 1411 1711 1111111111-

235 1745 883 1829 111111,1111111111111111111111111.
897 1744 1412 1828 Ι)111111111111111.1.272111.;

319 1867 416 1930 credo
436 1884 497 1948 ego
518 1866 579 1930 hac
601 1868 701 1931 noctu
723 1865 924 1930 Nocturnum
946 1865 1184 1931 obdormivisse
1206 1865 1342 1949 ebrium,

317 1987 395 2033 nam
406 1987 512 2048 neque
527 1986 562 2033 se
576 1968 794 2048 septentriones
816 1986 977 2049 quoquam
993 1968 1029 2032 in
1045 1968 1136 2033 caelo
1150 1973 1355 2036 commovent

317 2089 378 2136 111
399 2070 527 2151 lapelee
548 2089 654 2150 neque
675 2089 839 2152 1111111111
860 2088 966 2151 neque
987 2070 1133 2151 verpilobe
1153 2070 1316 2136 occidnut·

233 2205 324 2290 Quae
364 2206 497 2272 nomina
529 2226 607 2275 vere
640 2207 788 2272 Romana
828 2225 901 2272 esse
939 2225 977 2272 eo
1006 2208 1174 2290 arguitur,
1216 2208 1301 2287 quod
1339 2226 1412 2272 cum

233 2310 409 2375 earundem
444 2309 617 2374 stellarum
652 2308 929 2390 appellationibus
958 2308 1087 2390 graecis
1124 2309 1208 2375 nihil
1245 2328 1411 2374 commune

231 2410 364 2476 habent.
393 2411 459 2476 Sed
473 2430 537 2475 non
553 2412 656 2476 solum
679 2409 1026 2492 vesperuginem,
1049 2411 1281 2476 verumetiam
1302 2410 1411 2475 luci-

232 2510 363 2577 ferum
383 2512 515 2579 novisse
531 2516 632 2593 atque
647 2513 830 2595 appellasse
848 2512 987 2578 Latinos
1002 2530 1095 2577 nemo
1117 2518 1225 2595 neget,
1247 2511 1303 2592 qui
1325 2515 1412 2593 apud

230 2613 373 2681 Ennium
388 2614 652 2681 vetustissimum
668 2633 785 2680 nomen
806 2615 979 2681 iubaris
993 2613 1121 2696 legerit.
1162 2614 1411 2680 Sucularum

231 2735 357 2797 quoque
388 2716 480 2782 sidus
508 2716 586 2781 inde
622 2718 664 2781 ab
701 2716 941 2798 antiquissimis
978 2716 1181 2798 temporibus
1211 2716 1412 2798 appellatum

232 2822 332 2899 atque
354 2820 564 2884 observatum
586 2817 690 2884 fuisse
711 2818 921 2901 grammatici
944 2820 1070 2902 docent,
1104 2820 1188 2899 quod
1210 2819 1291 2884 item
1320 2819 1412 2885 valet

231 2921 271 2985 de
293 2920 394 2986 stella
417 2921 661 2986 caniculae:
691 2920 784 2986 cuius
813 2921 864 2986 rei
886 2921 1078 2987 testimonia
1110 2920 1198 2987 infra
1229 2921 1411 2987 afferemus

317 3039 410 3124 Quae
425 3058 496 3105 cum
512 3040 563 3105 ita
579 3046 697 3123 essent,
712 3043 754 3106 de
769 3039 821 3106 his
837 3059 920 3121 qnae
934 3042 1027 3106 modo
1043 3041 1234 3106 enumeravi
1249 3040 1413 3106 sideribus

230 3160 337 3208 sermo
352 3141 434 3208 mihi
449 3140 619 3209 faciendus
636 3146 718 3208 erat.
740 3143 821 3208 Rem
834 3143 883 3208 sic
896 3142 1039 3225 institui,
1057 3148 1096 3208 nt
1109 3142 1243 3224 primo
1266 3143 1411 3224 capite

229 3245 271 3309 de
302 3244 445 3327 singulis
479 3245 586 3312 stellis
615 3245 809 3312 dissererem
839 3247 965 3311 duabus
987 3245 1209 3327 paragraphis
1238 3264 1340 3327 agens
1363 3247 1411 3311 de

229 3345 418 3412 lucifero
441 3351 483 3413 11
504 3351 811 3428 vesperoatque
833 3348 873 3412 de
896 3346 1108 3411 canicula.
1151 3346 1214 3411 His
1230 3347 1338 3411 adieci
1360 3348 1410 3413 de

230 3452 398 3516 arcturo
418 3449 561 3531 tertiam,
582 3448 793 3515 licetsideris
807 3448 971 3522 notionem
987 3454 1152 3518 11111111
1171 3447 1304 3514 aliunde
1319 3467 1410 3514 acce·

228 3550 340 3634 111111
362 3551 512 3634 Romani,
534 3551 687 3631 quoniam
703 3550 774 3617 eius
789 3549 979 3633 saepissime
995 3550 1117 3616 mentio
1139 3550 1178 3615 fit
1197 3550 1286 3618 vela
1307 3550 1410 3632 scrip·

228 3653 356 3721 toribus
378 3655 428 3720 rei
450 3653 603 3720 rusticae.
647 3654 688 3722 Iu
709 3653 853 3736 capite
876 3655 1060 3721 seeundo
1082 3672 1123 3720 ex
1142 3652 1256 3719 ordine
1278 3653 1410 3737 singula

228 3757 375 3825 tractavi
396 3757 515 3841 sidera,
537 3756 864 3838 septentriones
887 3756 1409 3841 1111111111111111111111

228 3861 410 3926 suculas

314 3978 378 4044 Sed
398 3978 621 4058 quaerendum
641 3982 701 4060 est,
721 3976 917 4044 noverintne
929 3976 1071 4044 Romani
1089 3975 1261 4043 zodiaci
1281 3977 1338 4058 qui
1352 3995 1408 4044 vo·

228 4083 324 4148 catur
338 4079 435 4162 signa
450 4079 592 4162 propriis
608 4078 778 4148 vocabulis
798 4079 950 4146 discreta
980 4078 1075 4160 Quod
1090 4077 1285 4161 negabimus
1299 4080 1408 4160 perlu-

228 4183 345 4249 stratis
360 4182 555 4264 nominibus,
578 4200 664 4262 quae
685 4181 738 4246 his
756 4180 861 4264 signis
879 4181 1113 4250 tribuebantur
1128 4199 1278 4262 quaeque
1295 4180 1408 4252 omnia

226 4285 271 4354 od
291 4285 493 4352 Graecorum
515 4284 667 4367 exempla
687 4282 766 4349 dcta
787 4287 873 4350 aunt.
918 4282 1005 4365 Quin
1028 4281 1128 4350 111111
1151 4281 1254 4435 Tam}
1276 4282 1407 4371 signum
