3292 4958
166 367 240 453 129]
388 369 428 420 De
446 367 587 420 stellarum
606 365 787 433 appellatione
805 371 834 420 et
850 364 984 434 religione
1002 365 1124 419 Romana
1281 366 1343 432 221

164 538 212 604 ut
233 536 449 603 Nemesianus
472 536 555 600 dicit
578 535 710 600 11121:

630 673 705 720 nam
728 673 800 719 cum
823 659 898 734 post
921 653 1032 719 sidera
1054 655 1139 720 caeli

320 758 389 824 sola
412 759 522 824 Iovem
545 756 671 822 Semele
693 757 780 823 vidit
802 756 890 823 Iovis
913 775 972 821 ora
993 755 1184 837 professum.

250 896 315 960 Sed
336 895 419 960 haec
434 895 605 960 stellarum
621 891 812 970 ἀποθέωσις
826 892 1027 974 philosophis
1042 897 1173 959 tantum
1189 902 1223 959 et
1237 895 1344 976 poetis

165 1016 319 1065 concessa
356 1001 432 1062 erat
461 1000 495 1062 et
525 996 560 1060 in
591 995 779 1079 religionem
810 996 958 1061 omnibus
987 996 1144 1061 Romanis
1174 1000 1344 1078 acceptam

165 1118 340 1181 numquam
363 1099 456 1165 abiit.
500 1098 535 1164 si
557 1097 828 1178 superstitionum
858 1101 1046 1163 exterarum
1071 1098 1214 1164 asseclas
1226 1098 1251 1183 ¹)
1280 1117 1344 1164 non

165 1201 455 1284 numeraverimus²
485 1201 594 1267 dicere
625 1218 793 1282 possumus
822 1201 947 1265 nullum
970 1206 1084 1266 extare
1114 1200 1345 1284 testimonium,

165 1323 227 1386 quo
248 1305 359 1370 sidera
379 1304 414 1368 in
437 1304 627 1369 universum
649 1302 841 1369 aRomanis
864 1304 954 1368 culta
969 1322 1040 1369 esse
1063 1303 1344 1388 demonstreturffl)

249 1406 402 1471 Diximus
423 1407 529 1471 adhuc
553 1408 592 1471 de
616 1411 767 1472 veterum
791 1405 992 1488 cogitatione
1021 1406 1157 1488 stellari,
1180 1410 1344 1487 quatenus
1410 1461 1415 1470 .

165 1515 257 1576 astra
283 1529 342 1591 pro
373 1509 561 1574 numinibus
590 1509 813 1589 peculiaribus
844 1512 879 1574 et
909 1508 1060 1574 discretis
1088 1508 1345 1589 accipiebantur.

165 1613 228 1678 Sed
251 1612 359 1695 altera
382 1612 540 1691 quaedam
564 1612 731 1677 sententia
753 1611 866 1677 multis
896 1610 1083 1676 rudioribus
1105 1610 1231 1693 populis
1261 1630 1344 1676 com·

164 1714 271 1780 munis
294 1715 389 1779 iuxta
412 1713 532 1778 existit.
576 1714 641 1779 Est
663 1714 801 1779 hominis
824 1713 932 1778 omnia
955 1732 1040 1794 quae
1069 1713 1202 1779 suntin
1225 1716 1343 1778 mundo

165 1836 252 1883 nexu
264 1816 374 1896 aliquo
386 1816 570 1898 excogitato
583 1818 625 1882 ad
637 1816 741 1883 vitam
753 1818 927 1882 humanam
939 1816 1071 1882 referre.
1094 1817 1140 1881 nt
1152 1816 1268 1882 stellas
1281 1815 1345 1881 sibi

165 1919 324 2002 devinxit,
347 1924 519 2000 postquam
535 1938 693 1999 quaerere
708 1918 863 2000 instituit,
887 1918 1020 1984 ubinam
1036 1919 1165 1984 animae
1181 1919 1345 1984 hominum

164 2026 239 2104 post
260 2028 398 2088 mortem
421 2026 705 2088 commorarentur.
749 2022 868 2087 Vivum
891 2040 1008 2102 corpus
1033 2022 1142 2087 anima
1165 2021 1345 2086 animatum

165 2126 260 2206 calet,
284 2124 393 2190 anima
416 2124 530 2190 efflata
545 2124 656 2207 friget.
701 2125 763 2190 Est
779 2124 884 2207 igitur
900 2126 1010 2190 anima
1026 2125 1165 2190 calidum
1183 2123 1345 2208 aliquid‚⁸)

164 2228 194 2292 h.
208 2227 331 2310 cignis
347 2228 403 2293 vel
415 2227 552 2310 flamma,
569 2231 603 2292 et
614 2246 673 2308 per
686 2231 866 2292 extremum
883 2227 1034 2309 spiritum
1050 2227 1120 2292 aeri
1134 2228 1293 2309 redditur,
1307 2227 1347 2292 fit

164 2328 269 2412 igitur
293 2329 380 2410 ignis
408 2328 526 2394 aerius
570 2329 666 2394 Unde
693 2330 842 2409 sequitur
864 2329 959 2410 ignes
982 2329 1016 2393 in
1040 2347 1116 2393 aere
1136 2330 1345 2408 splendentes

165 2431 291 2497 animas
308 2450 379 2497 esse
395 2436 602 2496 mortuorum.
651 2431 724 2496 Hae
747 2435 847 2511 atque
862 2432 949 2496 tales
965 2431 1134 2511 opiniones
1157 2434 1235 2495 sunt
1256 2429 1345 2495 inter

164 2532 352 2614 primitivas
375 2532 527 2598 nationes
547 2532 617 2598 late
632 2533 887 2616 pervulgataef)
931 2533 1049 2612 Itaque
1072 2538 1107 2597 et
1128 2533 1267 2597 Romani
1289 2551 1345 2598 eas

164 2635 229 2717 ipsi
251 2636 422 2716 concipere
444 2641 543 2716 atque
560 2636 709 2701 excolere
724 2641 887 2716 poterant.
932 2635 996 2700 Sed
1018 2640 1180 2715 quatenus
1203 2636 1238 2699 id
1260 2634 1344 2700 fece-

165 2738 241 2820 rint,
275 2739 372 2803 bodie
402 2738 563 2804 incertum
587 2743 646 2804 est.
698 2738 928 2822 Quaecumque
950 2738 1047 2803 huius
1068 2738 1237 2820 religionis
1259 2739 1347 2818 apud
1442 2733 1443 2736 ’

166 2840 305 2905 Latinos
329 2839 477 2922 uestigia
500 2845 657 2923 tenemus
680 2841 840 2906 Graecam
863 2840 997 2921 sapiunt
1019 2839 1186 2924 originem.

251 2943 291 3007 In
303 2942 477 3008 afferendis
489 2942 690 3008 Graecorum
705 2942 903 3009 testimoniis
915 2962 1013 3024 parco
1029 2962 1100 3009 esse
1116 2943 1345 3026 mibiliceat.⁶)

253 3147 273 3209 1)
291 3147 324 3200 V.
344 3163 425 3214 supra
442 3163 505 3214 pag.
526 3146 583 3200 124.

253 3231 273 3297 ²)
292 3231 423 3286 Similiter
446 3231 525 3284 Philo
550 3232 667 3285 Iudaeus
695 3237 770 3284 astra
794 3247 841 3298 pro
865 3231 1022 3285 numinibus
1047 3230 1146 3285 divinis
1169 3230 1274 3298 habuit,
1299 3231 1345 3284 sad

165 3316 324 3371 adoratione
337 3315 468 3384 dignatus
480 3332 533 3370 non
546 3322 589 3370 est
599 3316 640 3384 (de
650 3315 713 3382 opii.
727 3316 821 3369 mundi
834 3317 849 3381 ξ
860 3315 901 3367 27.
912 3314 963 3384 73).
983 3315 1195 3369 Christianorum
1207 3314 1345 3384 opiniones

165 3401 307 3456 stellarum
325 3400 500 3456 divinitatem
519 3405 569 3454 aut
585 3400 746 3468 negantium
765 3406 815 3455 aaut
832 3400 1029 3454 affirmantium
1042 3400 1179 3468 congessit
1196 3400 1227 3453 F.
1240 3400 1346 3467 Piper

164 3487 183 3541 l.
201 3487 219 3543 l.
237 3503 301 3556 pag.
320 3485 435 3553 202sqq.
592 3486 612 3554 θ)
631 3485 700 3539 Vide
719 3487 751 3539 Δ.
772 3485 958 3540 Dieterich
976 3485 1082 3553 Nekyia
1099 3501 1163 3553 pag.
1182 3485 1224 3541 24.

251 3572 272 3640 ⁴)
291 3572 323 3625 V.
342 3571 543 3625 Ratzelinm
566 3571 583 3625 l.
603 3571 620 3624 l.
644 3571 659 3624 I
682 3587 745 3640 pag.
764 3570 805 3640 76,
823 3571 853 3624 II
871 3586 934 3639 pag.
959 3570 1000 3624 88.
1043 3571 1171 3624 Indorum
1192 3570 1345 3626 sententiae

166 3663 328 3711 enarrantur
347 3656 380 3710 ab
399 3655 667 3709 Hillebrandtio
697 3654 824 3709 Vcdiscbc
841 3654 1008 3724 Mytbolopic
1025 3657 1039 3708 I
1056 3672 1119 3724 pag.
1138 3655 1197 3724 397,
1222 3654 1345 3709 Olden-

165 3741 286 3811 bergio
309 3739 499 3809 Vcdcrcltpc'on
515 3756 578 3808 pag.
592 3741 650 3794 564.
687 3740 821 3795 Permulti
838 3747 980 3808 praeterea
998 3747 1063 3795 sunt
1081 3740 1174 3808 populi
1186 3740 1233 3808 qui
1251 3740 1344 3793 eedem

165 3827 317 3895 opinentur,
331 3842 397 3894 qnos
406 3827 577 3880 enumeravit
588 3826 737 3880 Drexler
750 3825 994 3892 Woobcuaclrrfdr
1002 3825 1082 3880 lcloss.
1092 3825 1164 3879 Pbc'l.
1176 3825 1242 3877 1894
1251 3841 1276 3892 p.
1287 3824 1344 3878 733.

165 3913 224 3968 Non
242 3912 347 3966 animas
371 3912 417 3967 sed
442 3911 531 3965 oculos
555 3911 692 3965 bominum
717 3917 885 3966 mortuorum
909 3928 955 3966 eas
979 3915 1145 3979 putaverant
1164 3909 1299 3978 Germani,
1318 3927 1344 3964 v.

164 3998 197 4052 E.
215 3998 330 4064 Meyer
347 3997 376 4050 in
394 3997 455 4051 adn.
469 3998 503 4050 ad
516 3996 677 4050 Grimmium
690 3997 707 4049 l.
720 3998 738 4050 l.
751 4014 814 4067 pag.
827 3997 885 4051 455.
922 3997 1034 4052 Oculum
1047 3996 1176 4064 principis
1191 3996 1221 4049 in
1238 3995 1344 4050 stellam

164 4082 353 4138 transformari
371 4082 488 4151 legimus
506 4081 578 4149 apud
595 4082 628 4134 R.
647 4081 782 4136 Andree
800 4082 817 4137 l.
836 4084 853 4137 l.
872 4098 934 4151 pag.
955 4082 1005 4134 112
1022 4082 1163 4136 traditum.

252 4169 273 4237 ὓ)
292 4168 350 4222 Iam
368 4168 491 4222 hocloco
509 4182 630 4221 moneam
648 4166 677 4220 in
695 4168 859 4221 testimoniis
877 4183 946 4234 quae
973 4167 1124 4221 afferuntur
1147 4183 1199 4220 non
1223 4167 1346 4221 omnibus

166 4254 313 4323 diligenter
331 4252 448 4307 discerni
465 4253 538 4306 inter
550 4251 643 4305 stellas
661 4267 731 4318 quae
749 4258 814 4306 suut
826 4258 993 4306 mortuorum
1006 4252 1112 4305 animae
1130 4257 1159 4306 et
1171 4252 1264 4306 stellas
1277 4267 1345 4319 quae

166 4339 328 4394 habitantur
346 4355 362 4392 a
380 4339 504 4392 mortuis.

216 4439 534 4494 Religionugascbiohtliobo
548 4437 668 4483 Varsucba
681 4449 704 4480 u.
720 4437 880 4482 Vorarbaiten
893 4439 935 4481 lll.
1160 4424 1193 4476 15
