3278 4964
681 358 833 415 Guilelmus
851 358 958 414 Gundel
1198 314 1201 321 Ι
1335 362 1417 442 [132

426 546 515 613 Iulia
538 546 707 613 descendit
729 546 819 613 caelo
841 548 1032 628 caelumque
1054 547 1206 631 replevit,

425 651 510 731 quod
532 649 621 731 regit
643 651 814 730 Augustus
836 649 921 715 socio
944 669 1004 731 per
1026 649 1121 733 signa
1142 650 1302 716 Tonante.

316 753 410 837 Quod
433 771 503 818 cum
527 753 577 818 ita
599 751 652 833 sit,
674 770 738 817 non
760 751 952 817 mirabimur
973 770 1048 818 raro
1069 752 1164 818 nobis
1186 752 1350 819 hominem
1373 755 1415 820 de

229 857 324 939 plebe
339 872 517 938 occanere,
541 854 598 935 qui
614 856 658 920 ad
674 859 766 920 astra
786 854 905 937 evolet,
928 855 985 920 sed
1001 854 1086 920 solos
1101 852 1172 921 fere
1193 853 1415 937 imperatores

229 956 282 1022 ὅτε
302 956 558 1040 duodecumam)
602 957 697 1038 Quod
726 956 846 1039 incipit
874 976 894 1022 a
924 956 1009 1022 Iulio
1033 957 1182 1040 Caesare,
1211 958 1252 1023 de
1282 976 1346 1039 quo
1377 957 1413 1024 in

229 1061 439 1143 paragrapho
462 1059 574 1142 tertia,
597 1059 655 1125 ubi
678 1061 718 1124 de
741 1058 874 1124 cometis
890 1059 1009 1142 agitur,
1033 1058 1138 1124 fusius
1161 1053 1415 1126 erit'disseren·

230 1165 313 1228 dum.
357 1162 560 1228 Octavianus
590 1179 717 1243 quoque
743 1162 874 1227 stellam
904 1180 996 1227 suam
1019 1161 1202 1243 occupavit.
1253 1160 1309 1228 Sic
1338 1169 1414 1231 euru

229 1265 377 1331 celebrat
399 1263 538 1330 Ovidius
551 1263 575 1348 ²)
599 1264 694 1345 epist.
717 1283 757 1329 ex
780 1264 885 1329 Ponto
907 1264 956 1330 IV
978 1265 1027 1346 11,
1051 1264 1113 1328 129
1122 1282 1183 1345 sp:

383 1390 421 1449 tu
443 1387 574 1450 nostras
593 1384 688 1449 audis
709 1383 796 1449 inter
820 1402 967 1450 convexa
988 1383 1116 1449 locatus

435 1487 554 1567 sidera,
582 1485 742 1551 sollicitas
766 1504 847 1566 quas
869 1486 983 1551 damus
1006 1504 1061 1551 ore
1084 1504 1206 1566 preces.

228 1607 426 1672 Accuratius
462 1606 544 1672 dicit
577 1605 789 1672 Germanicus
823 1605 857 1669 in
891 1605 1027 1670 Arateis
1050 1606 1113 1672 558
1147 1607 1188 1671 de
1210 1605 1413 1688 Capricorno

228 1708 407 1776 Octaviani
429 1708 553 1775 sidere:

382 1829 445 1911 hic,
468 1830 628 1911 Auguste,
651 1839 743 1893 tuum
766 1825 906 1910 genitali
928 1846 1062 1907 corpore
1084 1846 1203 1893 numen

382 1929 542 1994 attonitas
564 1929 652 1994 inter
674 1935 790 2012 gentes
812 1930 1020 2010 patriamque
1042 1934 1219 2012 paventem

382 2032 417 2096 in
440 2031 565 2096 caelum
588 2031 668 2096 tulit
691 2036 725 2096 et
747 2031 905 2096 maternis
927 2032 1073 2097 reddidit
1095 2031 1204 2098 astris.

229 2150 383 2216 Materna
401 2155 480 2216 sunt
500 2153 602 2233 astra,
624 2149 701 2231 quia
724 2155 759 2215 et
773 2151 895 2233 Venus
917 2153 1027 2233 gentis
1042 2151 1146 2217 Iuliae
1168 2150 1255 2234 avia,
1278 2151 1412 2219 stellam

229 2272 322 2320 suam
343 2252 495 2336 possidet.
546 2253 697 2319 Reddere
726 2253 848 2319 dieitur
871 2254 1097 2337 Capricornus,
1126 2273 1191 2320 non
1214 2255 1301 2336 dare,
1331 2254 1411 2336 quia

228 2358 389 2438 quondam
413 2375 431 2422 e
447 2357 536 2422 caelo
559 2358 774 2422 descenderat
790 2358 975 2439 Augustus3
998 2356 1080 2422 dicit
1101 2356 1187 2422 enim
1203 2356 1315 2423 Cicero
1329 2356 1352 2422 l.
1367 2375 1411 2423 c:

227 2459 409 2545 (mmmmm)
438 2465 569 2524 rectores
597 2461 643 2524 cel
672 2464 895 2523 conscenderes
923 2459 995 2522 binc
1024 2460 1054 2544 (e
1075 2459 1168 2544 caclo)
1186 2459 1322 2540 profecti
1349 2457 1411 2523 buc

227 2562 461 2648 reomanensi)
520 2562 672 2644 Denique
701 2563 908 2645 Augusteum
941 2560 1032 2628 sidus
1062 2561 1214 2628 Valerius
1243 2560 1410 2628 Maximus
1497 2631 1499 2634 Α

227 2666 352 2732 duobus
367 2665 447 2730 locis
462 2665 644 2747 praedicat,
667 2666 743 2730 dum
760 2664 886 2731 Tiberii
900 2665 996 2730 fidem
1016 2671 1146 2745 peterem
1161 2666 1300 2748 aratoque
1313 2663 1410 2729 sideri

226 2786 339 2847 parem
361 2767 442 2833 dicit
472 2766 504 2850 (I
523 2767 637 2848 praef.)
667 2771 701 2832 et
723 2766 759 2832 ΙΙ
789 2767 830 2833 10
853 2766 999 2832 affirmat
1027 2766 1104 2831 caeli
1125 2767 1303 2831 clarissima
1330 2786 1409 2849 pars

226 2869 291 2950 plici
308 2869 469 2949 fulserunt
492 2867 645 2934 Caesares.
696 2869 751 2933 Ad
781 2870 917 2934 eandem
940 2869 1151 2936 divinitatem
1180 2867 1323 2935 recurrit
1347 2868 1408 2935 Oe

226 2970 341 3035 taviae
363 2974 461 3050 poeta
491 2988 522 3035 v.
545 2971 625 3035 476:
656 2971 701 3033 cic
730 2969 786 3054 (se.
817 2972 930 3034 oirtote
954 2972 1025 3056 soc)
1054 2972 1108 3036 ille
1131 2973 1257 3054 petrice
1279 2973 1406 3056 primus

226 3072 391 3153 Augustus
416 3091 534 3152 parens
553 3072 558 3156 l
577 3073 751 3156 complectis
779 3079 864 3136 ostro
887 3078 939 3138 est.
989 3075 1102 3156 Neque
1132 3093 1209 3141 vero
1232 3076 1406 3156 Augustus

225 3178 374 3241 mortuus
388 3175 476 3240 solus
490 3173 581 3240 sidus
597 3174 727 3241 dicitur.
761 3175 881 3242 Vivum
896 3177 1082 3260 Augustum
1103 3181 1232 3260 spectat
1246 3175 1407 3243 Manilius

225 3273 328 3344 1384
341 3296 425 3359 squ:

740 3401 804 3448 uno
827 3382 1005 3448 vincuntur
1030 3380 1066 3447 in
1088 3384 1177 3447 astro

378 3483 538 3566 Augusto,
561 3483 650 3550 sidus
672 3488 784 3550 nostro
808 3485 893 3564 quod
915 3483 1055 3566 contigit
1077 3483 1149 3549 orbi

228 3605 432 3615 ——-—-.

313 3653 332 3722 ¹)
351 3653 481 3709 Adiutam
494 3669 552 3708 osse
564 3654 633 3708 hanc
645 3653 797 3723 opinionem
809 3653 896 3707 altera
913 3653 970 3722 illa,
989 3668 1058 3721 quae
1076 3659 1151 3708 astra
1163 3653 1280 3722 putabat
1291 3653 1406 3709 numina

225 3753 283 3793 esse
300 3738 453 3793 hominibus
471 3738 611 3807 superiore
628 3738 676 3794 vix
694 3743 743 3808 est,
763 3739 833 3806 quod
851 3753 981 3792 moneam.

311 3823 333 3893 ⁹)
352 3824 498 3879 Poetarum
516 3823 563 3891 qui
576 3825 720 3892 Augustea
732 3829 824 3878 aetate
838 3823 953 3878 luerunt
964 3823 1150 3880 blandimenta
1160 3828 1269 3892 praeter
1280 3825 1405 3880 Platonis

224 3909 361 3964 doctrinas
379 3910 475 3965 adiuta
492 3913 557 3964 sunt
580 3909 749 3977 poematibus
766 3908 1018 3978 Alexandrinorum,
1046 3910 1093 3977 qui
1116 3925 1194 3978 reges
1218 3912 1281 3965 deos
1303 3909 1406 3978 passim

224 3994 372 4065 nominant,
392 4013 417 4051 v.
437 4012 458 4050 e.
472 3994 632 4050 Callimachi
649 3995 740 4063 hymn.
753 3995 768 4048 I
781 3994 827 4048 79:
846 3995 875 4044 iu
892 3990 922 4044 δὲ
940 3995 1008 4049 Διὸς
1024 3992 1149 4061 βασιλῆες
1167 3996 1224 4046 ἐπεὶ
1241 3995 1309 4050 Διὸς
1326 3991 1405 4047 οὐδὲν

225 4081 349 4132 ἀνάκτων
364 4087 368 4149 2
383 4081 531 4151 θειότερον.
562 4081 629 4135 Inde
640 4083 721 4133 conor
739 4079 817 4147 quasi
829 4079 868 4143 fit,
887 4085 919 4135 ut
931 4080 1059 4135 Caesares
1072 4080 1243 4150 appellentur
1261 4080 1305 4135 die
1314 4079 1404 4150 pertiti

225 4163 337 4234 bosque
352 4166 482 4237 perditori,
501 4183 526 4221 v.
539 4166 663 4234 exempla
675 4166 773 4221 collata
788 4183 804 4219 a
821 4166 852 4220 F.
866 4167 1013 4221 Cumont
1030 4166 1146 4222 Mithres
1163 4183 1227 4236 pag.
1240 4167 1291 4221 251
1303 4166 1364 4221 adn.
1377 4166 1402 4222 5.

312 4250 333 4320 ⁸)
351 4252 438 4306 Simili
456 4253 532 4307 modo
550 4251 716 4307 Claudianus
740 4267 822 4306 cerm.
840 4252 904 4308 min.
928 4269 990 4321 app.
1008 4253 1060 4307 XX
1077 4253 1158 4320 seqq.
1186 4256 1402 4307 conservatorem

224 4335 319 4390 mundi
336 4337 370 4391 de
388 4336 470 4391 astris
488 4337 658 4393 delabentem
675 4336 751 4404 lacit,
768 4342 801 4392 ut
818 4337 892 4392 iuter
907 4338 1029 4393 homines
1052 4338 1139 4392 vitam
1156 4337 1249 4408 degat.
