3278 4964
225 363 284 449 81]
450 364 491 417 De
509 363 650 416 stellarum
669 362 850 431 appellatione
868 368 896 417 et
914 362 1046 431 religione
1064 363 1186 417 Romana
1343 365 1405 429 173

916 532 972 596 sed
995 536 1090 596 nocte
1112 550 1230 612 sopora

384 633 561 700 Parrhasis
584 632 731 713 obliquos
754 632 870 698 Helice
893 652 967 724 cum
987 639 1135 699 verteret
1157 653 1245 701 axes.

314 753 455 821 Plurimi
477 757 588 819 autem
610 757 727 834 poetae
750 753 972 833 crepusculum
996 753 1193 820 matutinum
1216 753 1328 820 verbis
1350 774 1406 818 αοο

225 879 313 923 oerao
342 858 397 924 vel
428 864 546 920 temone
573 876 672 938 verso,
699 874 816 935 nempe
845 855 995 938 plaustri,
1022 855 1169 922 indicare
1200 861 1407 940 consuerunt,

229 962 307 1030 vide
328 980 359 1026 v.
383 978 409 1024 o.
434 959 492 1024 Ov.
514 959 601 1023 trist.
624 958 641 1022 Ι
663 959 691 1039 3,
714 958 771 1039 48;
801 957 886 1022 Stat.
905 958 1008 1049 Theb.
1031 958 1185 1040 1116843
1215 959 1288 1025 Sen.
1310 959 1407 1025 Herc.

226 1064 384 1130 fur.131.

314 1166 485 1230 Hactenus
515 1163 734 1228 Romanorum
771 1166 939 1242 poetarum
970 1161 1116 1228 carmina
1146 1183 1167 1228 a
1193 1163 1329 1230 Graecis
1359 1163 1408 1229 in-

229 1269 366 1351 spirata.
409 1267 551 1331 Restant
566 1264 722 1330 nonnulla
739 1264 927 1330 testimonia
948 1264 1180 1345 imperatorum
1200 1270 1311 1332 aetate
1334 1285 1408 1332 con-

231 1371 371 1451 scripta,
406 1368 524 1449 quibus
555 1367 680 1447 aliquid
708 1367 872 1432 barbarae
907 1367 1076 1433 doctriuae
1109 1368 1218 1433 inesse
1246 1368 1409 1436 videatur.

230 1474 338 1554 Supra
361 1472 504 1538 diximus
526 1490 555 1551 p.
579 1471 619 1535 75
643 1470 791 1535 divorum
821 1469 948 1535 ammas
972 1470 1006 1534 in
1031 1470 1131 1535 astris
1155 1469 1290 1553 versari,
1317 1471 1408 1537 cuius

231 1576 280 1641 rei
304 1575 339 1639 in
362 1574 473 1655 capite
489 1573 591 1638 tertio
612 1571 789 1653 planiorem
806 1571 1002 1637 mentionem
1018 1570 1182 1638 faciemus.
1227 1573 1308 1638 'lale
1330 1573 1409 1654 quid

232 1679 347 1743 subest
370 1681 404 1740 et
426 1675 555 1740 Lucani
577 1674 687 1740 verbis
717 1674 798 1739 152
820 1674 900 1736 sedes
929 1676 964 1736 ia
987 1676 1099 1737 Arctoo
1120 1674 1191 1737 orbe
1220 1674 1275 1738 tibi
1303 1677 1410 1757 leporis

229 1785 266 1845 et
298 1777 471 1844 Claudiani
501 1777 585 1842 VIII
613 1777 677 1841 429
706 1776 801 1856 palidi
832 1797 884 1839 seu
914 1783 940 1839 te
969 1796 1108 1839 meruere
1145 1780 1265 1843 triones,
1317 1778 1410 1860 Quod

232 1887 339 1948 autem
365 1885 473 1945 arctos
496 1879 631 1959 reliquis
654 1879 761 1944 stellis
780 1878 976 1960 praefertur,
998 1880 1059 1944 hoc
1083 1881 1321 1961 astrologorum
1344 1880 1410 1962 opi·

234 1984 426 2050 nationibus
442 1983 568 2047 facttum
583 1981 724 2046 videtur.
769 1982 815 2046 Ut
829 2001 888 2046 rex
903 1982 938 2046 in
961 2001 1087 2047 summa
1107 2001 1191 2064 arce,
1213 1983 1263 2048 ita
1279 1986 1410 2048 deorum

232 2087 369 2152 numina
399 2086 433 2150 in
457 2103 579 2150 summo
610 2085 700 2149 caelo
730 2084 943 2167 habitabant,
974 2103 1058 2165 quae
1088 2085 1240 2151 caelestis
1270 2085 1410 2152 altitudo

232 2208 334 2271 prope
356 2189 465 2270 polum
497 2188 729 2267 quaerebatur.
774 2186 844 2268 Quo
866 2187 976 2270 fiebat,
1000 2192 1038 2252 ut
1061 2192 1154 2252 astra
1183 2207 1309 2268 quoque
1338 2188 1411 2269 polo

233 2292 382 2373 proxima
406 2291 608 2371 singularem
638 2289 818 2370 potentIam
852 2289 1076 2374 acciperent.1)
1127 2290 1183 2354 Ita
1213 2290 1412 2355 recentiores

234 2400 351 2476 poetae
380 2398 418 2459 ut
441 2392 586 2458 divinam
617 2391 795 2472 potentiam
828 2392 1027 2473 describant,
1057 2391 1187 2473 saepius
1214 2412 1285 2458 eam
1312 2411 1412 2473 prope

233 2516 344 2562 ursam
366 2496 518 2560 habitare
541 2495 662 2560 dicunt.
707 2495 761 2558 Ita
784 2494 983 2559 Claudianus
1005 2494 1160 2559 XXXIII
1183 2495 1319 2574 101qu

630 2665 636 2678 .
660 2666 667 2680 .
689 2633 761 2679 cum
787 2620 822 2678 te
845 2612 1049 2678 laetissimus
1071 2621 1167 2679 ornet

388 2716 529 2799 signifer
551 2722 585 2782 et
607 2716 702 2782 vario
727 2716 863 2797 cingant
886 2717 1057 2796 splendore
1080 2717 1226 2782 Triones

321 2839 368 2903 Et
391 2838 578 2902 Martianus
601 2836 738 2918 Capella
761 2836 945 2901 vultuata
968 2838 1008 2901 de
1031 2837 1126 2902 Iove:

390 2958 453 3021 sub
476 2961 510 3021 to
533 2955 758 3038 plaustriluois
777 2955 917 3022 luminat
936 2955 1068 3038 ignibus

389 3058 507 3140 anguis
530 3059 726 3124 Parrhasias
749 3057 903 3124 disiciens
926 3059 1024 3124 feras.

322 3179 568 3259 Astrologorum
613 3179 784 3244 inventum
828 3178 890 3242 tali
933 3177 1101 3244 sententia
1143 3178 1232 3243 tradi
1275 3177 1416 3243 coniecit

236 3280 276 3346 E.
298 3282 424 3346 Riess
458 3283 546 3362 apud
569 3280 719 3346 Paullum
748 3281 929 3346 WIssowae
957 3280 992 3344 Il
1014 3301 1044 3361 p.
1070 3282 1161 3345 1821.
1204 3280 1297 3362 Quod
1328 3279 1416 3344 haud

236 3383 286 3447 ita
315 3388 441 3447 certum
470 3383 550 3448 mihi
580 3383 726 3448 videtur:
758 3382 929 3464 mysticum
959 3383 1068 3462 potius
1098 3383 1213 3446 dicam.
1264 3381 1350 3446 Sane
1381 3381 1416 3445 in

237 3485 404 3550 Hermetis
428 3483 636 3566 Trismegisti
658 3484 792 3566 scriptis
814 3486 897 3550 haec
912 3484 1019 3564 opinio
1044 3484 1159 3549 extitit
1182 3483 1282 3566 (Stob.
1298 3483 1315 3547 I
1331 3484 1416 3564 21‚9

237 3607 266 3668 p.
290 3588 352 3652 194
363 3587 416 3671 W)
441 3592 474 3652 et
496 3588 530 3652 in
547 3589 744 3654 Graecorum
767 3606 909 3668 papyros
932 3587 1078 3669 magicas
1100 3586 1256 3668 manavit,
1279 3604 1417 3666 quarum

237 3689 392 3755 Parisina
406 3710 437 3756 v.
455 3690 737 3774 1301exhibet:2)
760 3687 868 3775 ’Άρκτε
878 3691 953 3760 θεά,
969 3692 1100 3774 μεγίστη
1116 3687 1257 3773 ἄρχουσα
1272 3687 1417 3772 οὐρανοῦ,

236 3790 449 3871 βασιλεύουσα
471 3791 622 3857 πόλου..
640 3837 658 3863 .,
682 3793 823 3877 σύστημα
841 3803 898 3856 τοῦ
919 3791 1048 3875 παντός,
1070 3793 1258 3877 πονφέγγης
1280 3787 1419 3874 ἁρμονία

232 3904 300 3956 τῶν
321 3892 413 3968 ὅλων,
436 3946 442 3959 .
467 3940 474 3956 .
497 3946 505 3960 .
526 3892 544 3976 ἡ
574 3892 628 3957 ἐπὶ
660 3905 716 3957 τοῦ
745 3893 849 3958 πόλου
880 3890 1062 3979 ἒφεστῶσα,
1091 3896 1127 3978 ἢν
1157 3890 1174 3956 ὃ
1204 3895 1312 3977 κύριος
1340 3891 1420 3968 θεὸς

235 3992 331 4074 ἔταξε
352 4005 490 4081 κρατοιᾷ
513 3998 580 4079 χερὶ
611 3999 758 4081 στρέφειν
779 3996 833 4060 τὸν
854 3995 938 4081 ἱερὸν
968 3996 1078 4061 πόλον.
1123 3995 1248 4061 Similia
1278 3997 1318 4061 de
1341 4014 1418 4061 ursa

326 4169 346 4235 ¹)
364 4169 397 4222 V.
416 4167 467 4221 I'r.
486 4167 563 4221 Boll
583 4166 706 4234 Splraera
724 4183 749 4234 p.
769 4167 827 4220 163.

326 4251 347 4318 ⁹)
365 4253 415 4306 Ed.
435 4254 463 4306 C.
482 4252 642 4320 Wcssely
659 4252 688 4305 in
706 4251 921 4318 Deukoclrro't'teo
939 4251 987 4305 der·
1010 4250 1118 4305 Wiener
1135 4249 1282 4305 Alcodemic
1300 4251 1419 4307 XXXVI

177 4358 181 4363 ·
240 4336 308 4391 1888
326 4340 352 4391 2.
370 4337 517 4407 Abteiluay
534 4354 560 4406 p.
580 4337 619 4390 77.

291 4439 609 4494 ReligionsgeschIohtliche
623 4438 744 4484 Versucho
757 4449 780 4481 u.
793 4437 952 4482 Vorarbeltou
966 4438 1005 4481 Ill.
1232 4421 1264 4474 12
