3292 4958
232 369 297 435 ma
678 366 830 421 emuna
847 367 956 421 onoc
1333 368 1417 457 [rso

232 558 304 606 esse
333 538 575 621 intellegimus,
603 542 716 602 tamen
744 537 969 618 cognoscimus
1000 556 1042 602 ex
1067 537 1121 603 bis
1150 539 1336 606 enuntiat-is
1357 561 1418 608 ru·

232 641 398 708 dammam
419 640 511 706 illam
533 639 718 721 opinionem
739 640 876 705 cottidie
896 658 1016 704 norum
1037 641 1138 706 solem
1159 660 1278 708 noram
1299 644 1416 710 lunam

231 763 336 812 novas
357 743 474 810 stellas
494 742 617 809 exoriri
647 752 681 808 et
711 761 922 823 evanescere,
950 742 1005 807 eui
1033 744 1228 825 cogitationi
1255 746 1417 825 permulti

230 847 295 913 feri
318 853 418 927 atque
439 848 538 911 rudes
565 845 677 927 populi
705 845 858 928 favent.¹)
909 848 1020 924 Atque
1042 846 1205 912 Romanos
1234 847 1304 912 tale
1332 849 1416 929 quid

231 950 308 1016 olim
337 968 456 1015 revera
485 949 627 1014 sensisse
649 948 793 1013 fortasse
822 967 842 1013 e
869 946 1025 1028 loquendi
1046 967 1108 1013 usu
1136 949 1244 1013 atellae
1262 952 1416 1015 σνίννιιιι·

232 1053 275 1135 (b.
297 1070 324 1118 e.
357 1053 552 1135 gignuntur)
583 1051 775 1117 concludere
804 1050 918 1132 possis
967 1051 1152 1117 Iuvabatur
1183 1057 1302 1133 postea
1329 1055 1418 1121 haec

232 1156 372 1236 simplex
394 1155 539 1236 opinatio
561 1153 724 1219 similibus
745 1154 945 1220 Graecomm
968 1153 1135 1234 doctrinis,
1156 1174 1239 1235 quas
1259 1154 1416 1237 inprimis

232 1258 408 1324 Lucretius
430 1265 563 1323 secutus
584 1264 637 1323 est
659 1259 779 1322 docens
801 1258 842 1321 de
863 1262 932 1320 nat
953 1274 1017 1321 rer.
1039 1255 1070 1320 V
1091 1257 1153 1322 301
1162 1276 1239 1338 sqq:

385 1377 434 1443 sic
455 1378 561 1460 igitur
582 1378 682 1443 solem
704 1376 815 1442 lunam
837 1377 1016 1456 stellasque
1039 1379 1220 1458 putandum
1241 1384 1294 1444 est

387 1500 429 1546 ex
450 1481 515 1546 alio
536 1485 637 1560 atque
660 1480 725 1545 alio
747 1479 852 1544 lucem
874 1479 1000 1544 iactare
1023 1482 1162 1546 subortu

387 1592 421 1649 ct
442 1583 583 1665 primum
605 1582 762 1662 quicquid
783 1581 987 1648 flammarum
1009 1584 1146 1663 perdere
1168 1602 1313 1665 semper;

383 1685 592 1752 inviolabilia
613 1686 695 1750 haec
716 1704 760 1750 ne
782 1687 898 1750 credas
920 1685 1006 1749 forte
1026 1685 1152 1766 vigere.

319 1824 388 1889 Alii
415 1843 492 1890 vero
515 1825 718 1888 contendunt
739 1840 803 1887 non
825 1821 953 1887 indies
983 1823 1091 1904 perire
1113 1824 1221 1889 omnia
1250 1825 1334 1890 caeli
1362 1824 1416 1891 lu·

233 1926 322 1991 mina
343 1944 493 2006 novaque
515 1925 681 2006 effulgere,
704 1926 762 1990 sed
782 1932 909 1988 aeterno
931 1932 1019 1988 astra
1041 1925 1127 2005 (Seu.
1143 1927 1242 1991 Herc.
1257 1925 1320 1992 fur.
1334 1929 1417 2015 928)

234 2028 402 2094 affirmant
431 2046 565 2108 qnorum
588 2027 759 2092 interitum
785 2029 827 2092 ad
855 2027 941 2092 diem
970 2046 1066 2108 quem
1087 2029 1203 2094 dIcunt
1224 2047 1413 2110 supremum

232 2130 382 2197 referunt
417 2148 479 2211 quo
508 2129 616 2194 omnia
654 2131 694 2194 de
727 2130 819 2194 caelo
856 2148 973 2195 casura
1005 2137 1125 2197 essent.
1184 2133 1295 2212 Atque
1329 2133 1414 2199 haec

234 2233 492 2301 ChristIanorum
515 2231 664 2298 doctriua
685 2232 768 2298 satis
790 2237 869 2299 nota
884 2238 959 2298 orta
974 2238 1027 2298 est
1042 2253 1083 2299 ex
1096 2253 1213 2299 sacrae
1228 2234 1413 2316 scripturae

232 2336 352 2418 verbis,
375 2355 459 2418 quae
481 2336 638 2418 leguntur
659 2335 719 2401 Ev.
743 2336 862 2400 Matth.
884 2337 935 2417 24,
957 2337 1014 2400 29;
1040 2334 1177 2412 Εὐθέως
1200 2334 1236 2399 dd
1256 2336 1337 2419 perd
1357 2336 1417 2423 τὴν

232 2441 353 2523 θλίψιν
367 2449 429 2502 τῶν
443 2436 565 2524 ἡμερῶν
579 2435 708 2501 ἐκείνων
724 2436 741 2501 ὁ
759 2437 849 2523 ἥλιος
871 2438 1118 2523 σκοτισθήσεται
1138 2437 1194 2501 καὶ
1211 2437 1231 2520 ἡ
1247 2439 1357 2526 σελήνη
1372 2439 1411 2504 οὗ

233 2542 328 2607 δώσει
349 2540 385 2605 ιὸ
401 2544 521 2626 φέγγος
535 2539 638 2626 αὐτῆς,
663 2540 718 2604 καὶ
734 2538 766 2603 οἱ
781 2539 909 2622 ἀστέρες
924 2551 1096 2604 ιιεσσῦνιαι
1115 2539 1181 2603 ἀπὸ
1195 2551 1252 2605 τσῦ
1274 2541 1413 2628 οὐρανοῦ

232 2646 288 2711 καὶ
306 2643 341 2709 αἱ
363 2643 513 2725 δυνάμεις
531 2655 592 2707 τῶν
611 2642 751 2728 οὐρανῶν
772 2643 1034 2729 σαλευθήσονται.
1079 2644 1173 2727 Quae
1194 2645 1238 2710 ab
1260 2645 1414 2713 omnibus

231 2749 301 2815 fere
326 2746 542 2828 scriptoribus
563 2745 760 2811 ChristianIs
782 2765 886 2827 aeque
908 2745 1155 2832 recipiuntur.²)

318 2850 432 2929 Neque
454 2848 591 2914 alterins
611 2848 797 2914 sententiae
823 2851 944 2921 desunt
972 2849 1168 2932 testimonia,
1198 2869 1264 2931 qua
1292 2851 1413 2918 stellae

233 2951 286 3018 die
308 2955 477 3034 premente
499 2952 539 3015 de
562 2951 651 3017 caelo
672 2953 835 3016 decedunt
855 2957 956 3032 atque
977 2952 1012 3017 in
1034 2952 1199 3035 refugium
1221 2972 1315 3020 suum
1336 2973 1411 3036 pro·

232 3058 361 3136 perant,
382 3072 412 3120 v.
434 3071 517 3135 quae
539 3072 639 3135 supra
656 3055 696 3120 de
719 3054 856 3135 hespero
877 3073 953 3137 pag.
969 3056 1010 3121 29
1033 3055 1183 3121 diximus.
1228 3058 1338 3138 Atque
1360 3056 1412 3123 eis

232 3156 427 3239 hominibus,
456 3156 576 3237 quibus
605 3156 687 3222 haec
709 3155 790 3222 fides
813 3163 878 3240 est,
905 3158 1023 3222 stellae
1053 3163 1188 3224 manent
1216 3177 1345 3239 semper
1373 3165 1415 3226 ut

232 3267 317 3342 sunt,
334 3260 445 3326 eadem
462 3259 688 3343 magnitudine
702 3266 802 3342 atque
815 3260 1062 3342 pulchritudine
1077 3260 1256 3343 praeditae,
1279 3263 1412 3325 micima

232 3384 296 3428 νισνι
318 3364 432 3444 cresco,
455 3365 554 3426 maior
576 3383 629 3426 nec
651 3384 721 3427 σινσ
740 3366 867 3428 σινιιιὶι
890 3363 1025 3449 (anthol.
1047 3362 1105 3428 lat.
1120 3363 1138 3428 I
1153 3383 1229 3446 pag.
1243 3364 1307 3430 370
1323 3383 1353 3431 v.
1369 3365 1413 3450 2).

231 3467 329 3532 Hunc
357 3465 391 3531 iu
421 3483 552 3531 sensum
578 3465 732 3531 dicuntur
758 3467 876 3529 σιιιννιι·
903 3468 991 3546 lyces
1020 3465 1131 3549 (Verg.
1159 3468 1241 3532 Aen.
1268 3467 1305 3534 Π
1326 3467 1412 3553 155).

232 3569 280 3635 At
301 3572 434 3651 praeter
456 3567 620 3633 Oceanum
633 3572 656 3651 ³)
679 3574 714 3634 et
731 3572 855 3634 terram
877 3567 990 3650 ipsam,
1013 3586 1110 3648 quam
1133 3567 1280 3635 interdiu
1308 3570 1412 3636 homi·

234 3690 439 3701 ...μ-ι.-

320 3740 340 3807 ¹)
358 3739 390 3794 V.
409 3738 605 3793 Frobcnius
629 3737 879 3808 Wcltanachaaunq
898 3737 945 3791 der
962 3737 1147 3792 Naturodllccr
1164 3755 1227 3808 pag.
1243 3739 1308 3809 2843
1326 3756 1414 3810 supra

231 3841 294 3894 m·
313 3824 531 3979 ΞἵἈιιςιιιιίιισι
549 3908 689 3964 contendit
705 3909 750 3964 vel
765 3909 895 3977 Sibyllam
913 3910 963 3963 hoc
981 3914 1115 3963 astrorum
1128 3909 1217 3965 fatum
1233 3910 1412 3979 praedixisse,

232 3995 308 4050 cuius
337 3993 451 4049 carmini
476 3999 550 4048 recte
583 3994 703 4062 exposito
736 3994 808 4048 hunc
832 4010 937 4062 qnoque
965 4010 1074 4048 versum
1101 3994 1201 4049 tribuit
1224 3994 1268 4063 (de
1291 3994 1342 4050 civ.
1366 3995 1413 4050 dei

232 4080 328 4136 XVIII
346 4081 403 4149 23);

437 4165 552 4233 eripitur
570 4164 633 4218 solis
651 4164 731 4219 iubar
749 4169 779 4219 ct
796 4165 891 4219 chorus
909 4165 1006 4221 interit
1023 4166 1113 4220 astris.

320 4266 340 4337 ¹)
359 4268 464 4323 Natant
480 4268 509 4323 in
522 4282 554 4321 eo
565 4267 685 4322 interdiu
698 4266 880 4335 fluctibusque
895 4274 1060 4336 recreantur,
1079 4283 1192 4336 vcspcre
1203 4267 1237 4322 ab
1253 4268 1312 4322 cius
1330 4267 1412 4323 undis

233 4358 360 4423 snrgunt,
378 4369 404 4408 r.
423 4352 520 4408 Anien.
539 4352 639 4407 11589.
