3292 4958
680 364 831 420 Guilelmus
849 365 957 421 Gundel

436 535 512 616 qnid
535 553 587 600 me
608 539 777 601 tenentem
799 553 904 616 regna
926 534 1047 601 siderei
1069 535 1136 615 poli

435 638 589 719 caeloque
612 639 745 704 tandem
767 636 941 720 redditum,
963 637 1098 719 planctu
1120 638 1214 703 iubes

435 740 560 806 sentire
582 739 710 805 fatum?
732 758 848 820 parce:
871 759 947 805 nam
969 739 1078 806 virtus
1101 738 1182 805 mihi

434 844 469 909 in
492 849 585 908 astra
607 846 642 908 et
662 843 751 924 ipsos
773 841 854 908 fecit
876 861 1010 924 superos
1031 841 1104 907 iter.

433 947 540 1013 virtus
561 946 596 1011 in
620 952 713 1011 astru
735 946 860 1011 tendit:
882 945 915 1010 in
939 950 1076 1011 mortem
1098 945 1235 1030 timor.¹)

231 1110 232 1113 =
316 1066 445 1132 Similes
475 1066 662 1132 sententiae
684 1065 785 1131 etiam
807 1066 843 1131 in
864 1065 974 1132 titulis
996 1065 1234 1148 sepulcralibus
1263 1071 1331 1131 tum
1353 1084 1411 1147 pa·

231 1168 327 1251 genis
349 1187 446 1249 quam
469 1168 659 1234 christianis
682 1169 905 1236 inveniuntur.
957 1169 1127 1235 Formulas
1159 1169 1240 1234 mihi
1269 1187 1310 1234 ex
1340 1187 1413 1234 car·

231 1269 373 1336 minibus
418 1271 641 1354 epigraphiois
679 1291 699 1336 a
736 1271 938 1338 Buechelero
977 1271 1076 1336 editis
1120 1272 1253 1337 enotavi
1295 1271 1412 1336 hasce:

230 1375 360 1456 spiritus
381 1383 469 1436 astra
486 1375 572 1455 petit,
595 1393 704 1456 corpus
732 1376 768 1437 ia
790 1395 874 1438 arna
903 1377 981 1437 tacet
1010 1373 1126 1458 (epigr.
1150 1374 1262 1459 1392);
1293 1375 1364 1437 uicit
1385 1375 1416 1437 et

231 1481 319 1540 ostra
334 1481 411 1540 team
426 1477 542 1560 (epigr.
555 1478 637 1542 1347
653 1497 684 1543 v.
700 1477 769 1561 12);
792 1484 878 1540 ostro
891 1477 995 1557 facetat
1009 1479 1149 1541 animam
1164 1477 1280 1561 (epigr.
1297 1476 1411 1562 1362);

230 1579 423 1663 sidereosque
448 1581 553 1643 colunt
581 1580 667 1644 sadoc
688 1580 864 1663 mundoque
884 1581 1043 1660 foueat-ur
1062 1580 1117 1663 (sc.
1140 1580 1278 1662 animae,
1308 1579 1414 1661 epigr.

234 1682 325 1767 755);
356 1682 492 1745 membro
521 1683 584 1746 soto
610 1685 724 1764 posuit,
755 1684 832 1747 coeto'
852 1685 989 1765 perrexit
1009 1682 1051 1744 od
1072 1687 1160 1746 ostro
1183 1682 1298 1767 (epigr.
1321 1681 1413 1766 778);

232 1804 320 1848 meas
341 1785 384 1848 ad
405 1785 482 1849 coeli
503 1787 649 1848 transivit
668 1787 797 1866 spiritus
815 1791 904 1849 astro
927 1784 1041 1868 (epigr.
1058 1785 1170 1866 1834);
1193 1784 1299 1847 hastos
1320 1803 1413 1847 mem·

233 1886 288 1949 bro
311 1892 395 1969 auct,
426 1907 511 1950 meas
542 1889 618 1952 caeli
648 1891 748 1969 perpet
777 1892 810 1952 in
833 1896 921 1952 ostro
943 1888 1058 1973 (epigr.
1082 1886 1194 1971 1433);
1221 1907 1310 1970 quem
1331 1888 1415 1950 tator

232 1995 319 2052 astro
341 1995 421 2052 tecet
443 1990 526 2053 almo
550 1993 635 2073 quies
657 1991 773 2073 (epigr.
797 1990 909 2073 1407);
936 1997 1022 2054 astro
1045 1997 1147 2054 teneat
1167 1992 1318 2071 unimam,
1348 2009 1415 2052 coe-

235 2096 301 2154 tera
323 2092 414 2155 tetius
435 2090 523 2154 habet
544 2092 658 2175 (epigr.
683 2094 786 2175 1420).
1483 2168 1486 2174 ,

320 2195 439 2274 Itaque
462 2199 497 2260 et
519 2195 638 2260 mortui
653 2195 718 2276 ipsi
734 2195 861 2261 sidereo
881 2196 1003 2261 lumine
1022 2195 1192 2261 radiantes
1215 2193 1415 2277 cogitantur,

234 2315 291 2362 ore
313 2315 414 2379 roseo,
437 2298 559 2364 umeris
585 2297 784 2380 nitentibus3
807 2317 924 2380 eorpus
946 2299 1052 2364 maius
1077 2302 1128 2364 est
1149 2302 1283 2364 terrena
1304 2297 1417 2379 figure

235 2399 623 2486 mmmaffim)

723 2662 927 2670 —ss—

524 2784 534 2817 t

510 2915 532 3008 ἓ
560 2925 593 2990 2.
637 2923 698 2990 De
726 2921 857 2990 stellis
887 2921 1128 2991 cadentibus

322 3101 528 3183 Unaqnuque
542 3107 647 3178 nocte,
669 3102 845 3184 praecipue
861 3107 969 3168 antem
985 3101 1085 3168 certis
1101 3101 1249 3168 arrtnmni
1264 3101 1417 3168 noctibus

237 3202 353 3269 stellas
383 3206 541 3284 quasdam
572 3210 749 3273 observare
779 3206 902 3287 poteris
932 3205 1042 3270 subito
1073 3205 1257 3286 ducentes,
1289 3206 1415 3272 caelum

237 3307 405 3373 celerrime
420 3314 659 3393 percurrentes
674 3309 784 3375 subito
801 3314 1044 3375 evanescentes.
1086 3308 1175 3392 Quas
1191 3307 1418 3390 apparitiones

236 3409 336 3475 etiam
359 3411 497 3476 Romani
519 3416 719 3480 notaverunt
741 3430 864 3492 easque
883 3411 989 3475 stellas
1002 3411 1142 3474 cudentes
1164 3410 1419 3492 appellaverunt

238 3512 325 3597 (Sen.
347 3519 414 3578 nat.
438 3519 564 3593 quaest.
587 3514 654 3580 VII
670 3516 721 3597 23,
737 3516 765 3597 2,
789 3516 903 3580 isidor.
926 3513 1015 3597 Orig.
1037 3515 1092 3579 ΙΠ
1107 3514 1157 3596 70,
1172 3516 1205 3596 3)
1227 3514 1282 3581 vel
1298 3512 1418 3580 omisso

236 3615 356 3681 stellae
389 3617 519 3682 nomine
548 3617 743 3698 simpliciter
772 3617 912 3680 cudentes
941 3618 1058 3701 (Amm.
1079 3618 1181 3682 Marc.
1204 3617 1302 3682 XXV
1331 3617 1360 3699 2,
1380 3617 1418 3682 4:

236 3718 516 3800 floproutissimom
547 3721 648 3801 focam
677 3721 798 3784 cadenti
826 3722 958 3784 atatam
979 3721 1096 3804 cusum).
1147 3721 1329 3786 Praeterea
1360 3737 1418 3786 eas

325 3922 346 3992 ¹)
363 3923 440 3978 Unde
463 3924 493 3979 iu
516 3923 657 3992 prouerbio
682 3924 771 3980 virtus
795 3926 905 3980 tandem
934 3924 1060 3992 peruenit
1092 3923 1129 3977 cd
1152 3926 1237 3977 astra.
1283 3923 1417 3977 Italorum

237 4008 360 4063 hodierni
378 4025 486 4065 carmon
504 4011 574 4078 quod
592 4009 696 4078 placuit
714 4009 809 4064 dicum
826 4009 981 4078 peruenisse
999 4009 1052 4063 ulte
1069 4009 1151 4063 atelle.

325 4095 346 4161 ⁹)
364 4095 458 4162 Neque
476 4095 623 4150 defuerunt
639 4111 726 4162 usquc
743 4097 776 4149 ad
795 4100 917 4150 nostrum
935 4099 1063 4165 aetatem,
1087 4095 1134 4162 qui
1153 4095 1247 4150 stellas
1271 4093 1321 4148 tuli
1339 4094 1417 4149 modo

237 4179 332 4234 incolis
349 4180 502 4249 implerent,
520 4180 583 4236 vide
601 4197 626 4234 v.
645 4198 667 4234 c.
686 4180 842 4250 Hugenii
861 4181 1056 4247 Gosmotheros‚
1074 4181 1171 4250 Hague
1184 4179 1319 4235 Comitum
1335 4178 1417 4251 16993

238 4264 345 4320 Pohle
363 4266 418 4320 Dte
431 4266 610 4321 Sterueawclt
626 4265 684 4320 aad
701 4266 760 4320 ihre
770 4266 929 4336 Bewotacr,
951 4265 1250 4332 Gdrrco-Gcselteehot't
1265 4281 1317 4318 zuo
1329 4263 1418 4334 Pflepe

239 4349 287 4402 der
311 4350 508 4419 Wiscoaschoft
524 4351 565 4406 im
581 4350 682 4407 (cathol.
700 4351 892 4407 Dactschlond
909 4352 955 4406 III
972 4351 1040 4406 1884
1058 4367 1121 4420 pars
1140 4352 1154 4405 I
1172 4358 1201 4407 et
1218 4351 1257 4406 1·1.
