<?xml version="1.0" encoding="UTF-8"?>
<!DOCTYPE html PUBLIC "-//W3C//DTD XHTML 1.0 Transitional//EN"
    "http://www.w3.org/TR/xhtml1/DTD/xhtml1-transitional.dtd">
<html xmlns="http://www.w3.org/1999/xhtml" xml:lang="en" lang="en">
 <head>
  <title>
</title>
<meta http-equiv="Content-Type" content="text/html;charset=utf-8" />
  <meta name='ocr-system' content='tesseract 3.04.00' />
  <meta name='ocr-capabilities' content='ocr_page ocr_carea ocr_par ocr_line ocrx_word'/>
</head>
<body>
  <div class='ocr_page' id='page_1' title='image "./destellarumappe00gundgoog_0008.png"; bbox 0 0 3292 4958; ppageno 0'>
   <div class='ocr_carea' id='block_1_1' title="bbox 525 1132 1108 1216">
    <p class='ocr_par' dir='ltr' id='par_1_1' title="bbox 525 1132 1108 1216">
     <span class='ocr_line' id='line_1_1' title="bbox 525 1132 1108 1216; baseline -0.007 -14"><span class='ocrx_word' id='word_1_1' title='bbox 525 1133 668 1203; x_wconf 77' lang='lat' dir='ltr'><strong>Totius</strong></span> <span class='ocrx_word' id='word_1_2' title='bbox 696 1132 833 1216; x_wconf 82' lang='lat' dir='ltr'><strong>operis</strong></span> <span class='ocrx_word' id='word_1_3' title='bbox 861 1134 1108 1214; x_wconf 83' lang='lat' dir='ltr'><strong>conspectus</strong></span> 
     </span>
    </p>
   </div>
   <div class='ocr_carea' id='block_1_2' title="bbox 230 1344 1407 1411">
    <p class='ocr_par' dir='ltr' id='par_1_2' title="bbox 230 1344 1407 1411">
     <span class='ocr_line' id='line_1_2' title="bbox 230 1344 1407 1411; baseline -0.003 -12"><span class='ocrx_word' id='word_1_4' title='bbox 230 1345 446 1400; x_wconf 84' lang='lat' dir='ltr'>Prooemium</span> <span class='ocrx_word' id='word_1_5' title='bbox 497 1383 974 1397; x_wconf 90' lang='grc'>............</span> <span class='ocrx_word' id='word_1_6' title='bbox 988 1397 989 1400; x_wconf 71' lang='grc'>,</span> <span class='ocrx_word' id='word_1_7' title='bbox 1012 1384 1274 1396; x_wconf 91' lang='grc'>.......</span> <span class='ocrx_word' id='word_1_8' title='bbox 1310 1344 1407 1411; x_wconf 64' lang='lat' dir='ltr'><strong>pegi</strong></span> 
     </span>
    </p>
   </div>
   <div class='ocr_carea' id='block_1_3' title="bbox 231 1444 1409 1767">
    <p class='ocr_par' dir='ltr' id='par_1_3' title="bbox 231 1444 1409 1767">
     <span class='ocr_line' id='line_1_3' title="bbox 231 1444 903 1514; baseline -0.001 -15"><span class='ocrx_word' id='word_1_9' title='bbox 231 1447 345 1513; x_wconf 81' lang='lat' dir='ltr'><strong>Caput</strong></span> <span class='ocrx_word' id='word_1_10' title='bbox 361 1446 518 1514; x_wconf 72' lang='lat' dir='ltr'><strong>utimum.</strong></span> <span class='ocrx_word' id='word_1_11' title='bbox 553 1446 594 1499; x_wconf 90' lang='lat' dir='ltr'><strong>De</strong></span> <span class='ocrx_word' id='word_1_12' title='bbox 612 1445 699 1500; x_wconf 85' lang='lat' dir='ltr'><strong>stellis</strong></span> <span class='ocrx_word' id='word_1_13' title='bbox 717 1444 903 1513; x_wconf 79' lang='lat' dir='ltr'>singularibus</span> 
     </span>
     <span class='ocr_line' id='line_1_4' title="bbox 507 1529 1408 1598; baseline -0.002 -14"><span class='ocrx_word' id='word_1_14' title='bbox 507 1530 557 1598; x_wconf 72' lang='lat'><strong>§1</strong></span> <span class='ocrx_word' id='word_1_15' title='bbox 593 1530 635 1584; x_wconf 92' lang='lat' dir='ltr'><strong>De</strong></span> <span class='ocrx_word' id='word_1_16' title='bbox 652 1529 766 1586; x_wconf 90' lang='lat' dir='ltr'><strong>Veneris</strong></span> <span class='ocrx_word' id='word_1_17' title='bbox 784 1529 864 1584; x_wconf 84' lang='lat' dir='ltr'><strong>stelle</strong></span> <span class='ocrx_word' id='word_1_18' title='bbox 888 1571 1321 1583; x_wconf 87' lang='lat'>...........</span> <span class='ocrx_word' id='word_1_19' title='bbox 1392 1529 1408 1580; x_wconf 83' lang='grc'><strong>7</strong></span> 
     </span>
     <span class='ocr_line' id='line_1_5' title="bbox 509 1613 1409 1682; baseline -0.002 -14"><span class='ocrx_word' id='word_1_20' title='bbox 509 1615 559 1682; x_wconf 77' lang='lat'><strong>§2</strong></span> <span class='ocrx_word' id='word_1_21' title='bbox 594 1614 635 1669; x_wconf 91' lang='lat' dir='ltr'><strong>De</strong></span> <span class='ocrx_word' id='word_1_22' title='bbox 653 1614 735 1669; x_wconf 84' lang='lat' dir='ltr'><strong>stello</strong></span> <span class='ocrx_word' id='word_1_23' title='bbox 752 1613 877 1668; x_wconf 76' lang='lat' dir='ltr'><strong>canicula</strong></span> <span class='ocrx_word' id='word_1_24' title='bbox 929 1655 1321 1668; x_wconf 90' lang='grc'>..........</span> <span class='ocrx_word' id='word_1_25' title='bbox 1375 1615 1409 1667; x_wconf 82' lang='lat'><strong>33</strong></span> 
     </span>
     <span class='ocr_line' id='line_1_6' title="bbox 507 1699 1409 1767; baseline -0.006 -12"><span class='ocrx_word' id='word_1_26' title='bbox 507 1700 558 1767; x_wconf 72' lang='lat'><strong>§3</strong></span> <span class='ocrx_word' id='word_1_27' title='bbox 592 1699 634 1754; x_wconf 84' lang='lat' dir='ltr'><strong>Do</strong></span> <span class='ocrx_word' id='word_1_28' title='bbox 651 1699 763 1754; x_wconf 78' lang='lat' dir='ltr'><strong>Arcturi</strong></span> <span class='ocrx_word' id='word_1_29' title='bbox 781 1699 862 1754; x_wconf 83' lang='lat' dir='ltr'><strong>stelle</strong></span> <span class='ocrx_word' id='word_1_30' title='bbox 889 1741 1322 1754; x_wconf 90' lang='grc'>...........</span> <span class='ocrx_word' id='word_1_31' title='bbox 1375 1699 1409 1751; x_wconf 84' lang='grc'><strong>48</strong></span> 
     </span>
    </p>
   </div>
   <div class='ocr_carea' id='block_1_4' title="bbox 230 1800 1409 2211">
    <p class='ocr_par' dir='ltr' id='par_1_4' title="bbox 230 1800 1409 2211">
     <span class='ocr_line' id='line_1_7' title="bbox 230 1800 784 1869; baseline 0.002 -15"><span class='ocrx_word' id='word_1_32' title='bbox 230 1802 344 1869; x_wconf 76' lang='lat' dir='ltr'><strong>Caput</strong></span> <span class='ocrx_word' id='word_1_33' title='bbox 361 1802 556 1857; x_wconf 80' lang='lat' dir='ltr'><strong>secundum.</strong></span> <span class='ocrx_word' id='word_1_34' title='bbox 593 1803 634 1857; x_wconf 90' lang='lat' dir='ltr'><strong>De</strong></span> <span class='ocrx_word' id='word_1_35' title='bbox 651 1800 784 1856; x_wconf 80' lang='lat' dir='ltr'>sideribus</span> 
     </span>
     <span class='ocr_line' id='line_1_8' title="bbox 508 1886 1409 1956; baseline 0 -16"><span class='ocrx_word' id='word_1_36' title='bbox 508 1888 557 1955; x_wconf 73' lang='lat'><strong>§1</strong></span> <span class='ocrx_word' id='word_1_37' title='bbox 594 1887 635 1943; x_wconf 92' lang='lat' dir='ltr'><strong>De</strong></span> <span class='ocrx_word' id='word_1_38' title='bbox 652 1886 883 1956; x_wconf 75' lang='lat' dir='ltr'><strong>septentrionibus</strong></span> <span class='ocrx_word' id='word_1_39' title='bbox 932 1929 1323 1941; x_wconf 88' lang='grc'>..........</span> <span class='ocrx_word' id='word_1_40' title='bbox 1375 1888 1409 1941; x_wconf 82' lang='grc'><strong>59</strong></span> 
     </span>
     <span class='ocr_line' id='line_1_9' title="bbox 431 1971 1409 2041; baseline 0.002 -15"><span class='ocrx_word' id='word_1_41' title='bbox 431 2026 435 2035; x_wconf 82' lang='grc'>,</span> <span class='ocrx_word' id='word_1_42' title='bbox 507 1973 557 2041; x_wconf 75' lang='lat'><strong>§2</strong></span> <span class='ocrx_word' id='word_1_43' title='bbox 593 1973 634 2028; x_wconf 92' lang='lat' dir='ltr'><strong>De</strong></span> <span class='ocrx_word' id='word_1_44' title='bbox 652 1971 755 2041; x_wconf 81' lang='lat' dir='ltr'><strong>iugulis</strong></span> <span class='ocrx_word' id='word_1_45' title='bbox 801 2015 1322 2028; x_wconf 87' lang='grc'>.............</span> <span class='ocrx_word' id='word_1_46' title='bbox 1375 1973 1409 2027; x_wconf 92' lang='grc'><strong>83</strong></span> 
     </span>
     <span class='ocr_line' id='line_1_10' title="bbox 507 2056 1409 2127; baseline 0.001 -15"><span class='ocrx_word' id='word_1_47' title='bbox 507 2058 557 2126; x_wconf 72' lang='lat'><strong>§3</strong></span> <span class='ocrx_word' id='word_1_48' title='bbox 592 2057 633 2112; x_wconf 90' lang='lat' dir='ltr'><strong>De</strong></span> <span class='ocrx_word' id='word_1_49' title='bbox 651 2057 776 2127; x_wconf 73' lang='lat' dir='ltr'><strong>vergiliis</strong></span> <span class='ocrx_word' id='word_1_50' title='bbox 804 2099 980 2112; x_wconf 90' lang='grc'>.....</span> <span class='ocrx_word' id='word_1_51' title='bbox 995 2056 998 2061; x_wconf 83' lang='grc'><strong>’</strong></span> <span class='ocrx_word' id='word_1_52' title='bbox 1018 2101 1323 2112; x_wconf 88' lang='grc'>........</span> <span class='ocrx_word' id='word_1_53' title='bbox 1375 2058 1409 2111; x_wconf 86' lang='grc'><strong>92</strong></span> 
     </span>
     <span class='ocr_line' id='line_1_11' title="bbox 506 2143 1407 2211; baseline -0.001 -14"><span class='ocrx_word' id='word_1_54' title='bbox 506 2144 557 2211; x_wconf 74' lang='lat'><strong>§4</strong></span> <span class='ocrx_word' id='word_1_55' title='bbox 591 2144 633 2199; x_wconf 90' lang='lat' dir='ltr'><strong>De</strong></span> <span class='ocrx_word' id='word_1_56' title='bbox 651 2143 752 2198; x_wconf 88' lang='lat' dir='ltr'><strong>suculis</strong></span> <span class='ocrx_word' id='word_1_57' title='bbox 802 2183 1321 2198; x_wconf 88' lang='grc'>..............</span> <span class='ocrx_word' id='word_1_58' title='bbox 1358 2144 1407 2196; x_wconf 89' lang='grc'><strong>101</strong></span> 
     </span>
    </p>
   </div>
   <div class='ocr_carea' id='block_1_5' title="bbox 230 2244 1408 2556">
    <p class='ocr_par' dir='ltr' id='par_1_5' title="bbox 230 2244 1408 2556">
     <span class='ocr_line' id='line_1_12' title="bbox 230 2244 1323 2314; baseline 0.004 -17"><span class='ocrx_word' id='word_1_59' title='bbox 230 2244 342 2313; x_wconf 77' lang='lat' dir='ltr'><strong>Caput</strong></span> <span class='ocrx_word' id='word_1_60' title='bbox 360 2246 516 2301; x_wconf 86' lang='lat' dir='ltr'><strong>tertium.</strong></span> <span class='ocrx_word' id='word_1_61' title='bbox 551 2246 593 2301; x_wconf 91' lang='lat' dir='ltr'><strong>De</strong></span> <span class='ocrx_word' id='word_1_62' title='bbox 610 2246 697 2302; x_wconf 90' lang='lat' dir='ltr'><strong>stellis</strong></span> <span class='ocrx_word' id='word_1_63' title='bbox 715 2245 744 2300; x_wconf 91' lang='lat' dir='ltr'><strong>in</strong></span> <span class='ocrx_word' id='word_1_64' title='bbox 768 2246 933 2314; x_wconf 84' lang='lat' dir='ltr'><strong>universum,</strong></span> <span class='ocrx_word' id='word_1_65' title='bbox 961 2246 994 2300; x_wconf 87' lang='lat' dir='ltr'><strong>dc</strong></span> <span class='ocrx_word' id='word_1_66' title='bbox 1012 2245 1100 2301; x_wconf 84' lang='lat' dir='ltr'><strong>stellis</strong></span> <span class='ocrx_word' id='word_1_67' title='bbox 1118 2245 1277 2301; x_wconf 78' lang='lat' dir='ltr'><strong>cadentibus</strong></span> <span class='ocrx_word' id='word_1_68' title='bbox 1295 2251 1323 2301; x_wconf 86' lang='lat' dir='ltr'><strong>ct</strong></span> 
     </span>
     <span class='ocr_line' id='line_1_13' title="bbox 551 2331 1082 2399; baseline -0.002 -14"><span class='ocrx_word' id='word_1_69' title='bbox 551 2331 722 2399; x_wconf 78' lang='lat' dir='ltr'><strong>cincinnatis,</strong></span> <span class='ocrx_word' id='word_1_70' title='bbox 740 2346 791 2384; x_wconf 89' lang='lat' dir='ltr'><strong>neo</strong></span> <span class='ocrx_word' id='word_1_71' title='bbox 807 2346 861 2386; x_wconf 91' lang='lat' dir='ltr'><strong>non</strong></span> <span class='ocrx_word' id='word_1_72' title='bbox 879 2331 913 2384; x_wconf 89' lang='lat' dir='ltr'><strong>de</strong></span> <span class='ocrx_word' id='word_1_73' title='bbox 931 2331 976 2386; x_wconf 83' lang='lat' dir='ltr'><strong>vie</strong></span> <span class='ocrx_word' id='word_1_74' title='bbox 993 2331 1082 2386; x_wconf 80' lang='lat' dir='ltr'><strong>lacteo</strong></span> 
     </span>
     <span class='ocr_line' id='line_1_14' title="bbox 542 2414 1407 2470; baseline 0.002 -2"><span class='ocrx_word' id='word_1_75' title='bbox 542 2416 558 2468; x_wconf 94' lang='lat'>1</span> <span class='ocrx_word' id='word_1_76' title='bbox 593 2416 635 2469; x_wconf 90' lang='lat' dir='ltr'><strong>De</strong></span> <span class='ocrx_word' id='word_1_77' title='bbox 652 2415 739 2470; x_wconf 83' lang='lat' dir='ltr'><strong>stellis</strong></span> <span class='ocrx_word' id='word_1_78' title='bbox 757 2414 787 2468; x_wconf 90' lang='lat' dir='ltr'><strong>in</strong></span> <span class='ocrx_word' id='word_1_79' title='bbox 804 2414 961 2470; x_wconf 86' lang='lat' dir='ltr'><strong>universum</strong></span> <span class='ocrx_word' id='word_1_80' title='bbox 1015 2457 1320 2470; x_wconf 91' lang='grc'>........</span> <span class='ocrx_word' id='word_1_81' title='bbox 1358 2417 1407 2470; x_wconf 87' lang='grc'><strong>108</strong></span> 
     </span>
     <span class='ocr_line' id='line_1_15' title="bbox 540 2500 1408 2556; baseline 0.002 -2"><span class='ocrx_word' id='word_1_82' title='bbox 540 2500 557 2553; x_wconf 86' lang='grc'>2</span> <span class='ocrx_word' id='word_1_83' title='bbox 593 2502 635 2555; x_wconf 92' lang='lat' dir='ltr'><strong>De</strong></span> <span class='ocrx_word' id='word_1_84' title='bbox 654 2500 741 2555; x_wconf 88' lang='lat' dir='ltr'><strong>stellis</strong></span> <span class='ocrx_word' id='word_1_85' title='bbox 760 2500 919 2556; x_wconf 83' lang='lat' dir='ltr'><strong>cedentibus</strong></span> <span class='ocrx_word' id='word_1_86' title='bbox 929 2543 1320 2556; x_wconf 90' lang='grc'><em>..........</em></span> <span class='ocrx_word' id='word_1_87' title='bbox 1358 2502 1408 2556; x_wconf 89' lang='grc'><strong>138</strong></span> 
     </span>
    </p>
   </div>
   <div class='ocr_carea' id='block_1_6' title="bbox 507 2418 1408 2739">
    <p class='ocr_par' dir='ltr' id='par_1_6' title="bbox 507 2418 1408 2739">
     <span class='ocr_line' id='line_1_16' title="bbox 508 2418 524 2483; baseline 0 0"><span class='ocrx_word' id='word_1_88' title='bbox 508 2418 524 2483; x_wconf 67' lang='grc' dir='ltr'><strong>ἕ</strong></span> 
     </span>
     <span class='ocr_line' id='line_1_17' title="bbox 507 2501 523 2568; baseline 0 0"><span class='ocrx_word' id='word_1_89' title='bbox 507 2501 523 2568; x_wconf 71' lang='grc' dir='ltr'>ἓ</span> 
     </span>
     <span class='ocr_line' id='line_1_18' title="bbox 507 2585 1407 2653; baseline 0 -13"><span class='ocrx_word' id='word_1_90' title='bbox 507 2586 523 2653; x_wconf 67' lang='grc' dir='ltr'>ἓ</span> <span class='ocrx_word' id='word_1_91' title='bbox 540 2585 557 2639; x_wconf 88' lang='grc'>3</span> <span class='ocrx_word' id='word_1_92' title='bbox 592 2587 633 2641; x_wconf 92' lang='lat' dir='ltr'><strong>De</strong></span> <span class='ocrx_word' id='word_1_93' title='bbox 651 2585 738 2642; x_wconf 87' lang='lat' dir='ltr'><strong>stellis</strong></span> <span class='ocrx_word' id='word_1_94' title='bbox 756 2585 862 2641; x_wconf 88' lang='lat' dir='ltr'><strong>crinitis</strong></span> <span class='ocrx_word' id='word_1_95' title='bbox 888 2628 1321 2642; x_wconf 89' lang='grc'><em>...........</em></span> <span class='ocrx_word' id='word_1_96' title='bbox 1358 2587 1407 2640; x_wconf 84' lang='grc'><strong>141</strong></span> 
     </span>
     <span class='ocr_line' id='line_1_19' title="bbox 507 2671 1408 2739; baseline 0.001 -14"><span class='ocrx_word' id='word_1_97' title='bbox 507 2673 523 2739; x_wconf 65' lang='grc' dir='ltr'>ξ</span> <span class='ocrx_word' id='word_1_98' title='bbox 540 2671 557 2724; x_wconf 82' lang='grc'><strong>4</strong></span> <span class='ocrx_word' id='word_1_99' title='bbox 592 2671 633 2726; x_wconf 91' lang='lat' dir='ltr'><strong>De</strong></span> <span class='ocrx_word' id='word_1_100' title='bbox 651 2671 698 2726; x_wconf 84' lang='lat' dir='ltr'><strong>vis</strong></span> <span class='ocrx_word' id='word_1_101' title='bbox 715 2672 803 2726; x_wconf 79' lang='lat' dir='ltr'><strong>lacteo</strong></span> <span class='ocrx_word' id='word_1_102' title='bbox 844 2714 1321 2728; x_wconf 90' lang='grc'>............</span> <span class='ocrx_word' id='word_1_103' title='bbox 1358 2672 1408 2726; x_wconf 83' lang='lat'><strong>149</strong></span> 
     </span>
    </p>
   </div>
   <div class='ocr_carea' id='block_1_7' title="bbox 230 2773 1409 3036">
    <p class='ocr_par' dir='ltr' id='par_1_7' title="bbox 230 2773 1409 3036">
     <span class='ocr_line' id='line_1_20' title="bbox 230 2773 1408 2831; baseline 0.003 -5"><span class='ocrx_word' id='word_1_104' title='bbox 230 2773 416 2828; x_wconf 86' lang='lat' dir='ltr'><strong>Conclusio</strong></span> <span class='ocrx_word' id='word_1_105' title='bbox 458 2813 1321 2831; x_wconf 88' lang='grc'>.....................</span> <span class='ocrx_word' id='word_1_106' title='bbox 1358 2777 1408 2830; x_wconf 78' lang='grc'><strong>154</strong></span> 
     </span>
     <span class='ocr_line' id='line_1_21' title="bbox 230 2875 1407 2952; baseline 0.004 -23"><span class='ocrx_word' id='word_1_107' title='bbox 230 2875 394 2932; x_wconf 74' lang='lat' dir='ltr'><strong>Adienos</strong></span> <span class='ocrx_word' id='word_1_108' title='bbox 415 2917 1236 2934; x_wconf 89' lang='grc'>....................</span> <span class='ocrx_word' id='word_1_109' title='bbox 1260 2923 1278 2952; x_wconf 89' lang='lat'><strong>.·</strong></span> <span class='ocrx_word' id='word_1_110' title='bbox 1316 2922 1321 2933; x_wconf 90' lang='lat'><em>.</em></span> <span class='ocrx_word' id='word_1_111' title='bbox 1359 2880 1407 2934; x_wconf 80' lang='lat' dir='ltr'><strong>loo</strong></span> 
     </span>
     <span class='ocr_line' id='line_1_22' title="bbox 230 2976 1409 3036; baseline 0.003 -5"><span class='ocrx_word' id='word_1_112' title='bbox 230 2976 339 3032; x_wconf 77' lang='lat' dir='ltr'><strong>Index</strong></span> <span class='ocrx_word' id='word_1_113' title='bbox 370 3020 1321 3036; x_wconf 86' lang='grc'>.......................</span> <span class='ocrx_word' id='word_1_114' title='bbox 1358 2983 1409 3036; x_wconf 82' lang='lat'><strong>158</strong></span> 
     </span>
    </p>
   </div>
   <div class='ocr_carea' id='block_1_8' title="bbox 0 0 1650 4958">
    <p class='ocr_par' dir='ltr' id='par_1_8' title="bbox 0 0 1650 4958">
     <span class='ocr_line' id='line_1_23' title="bbox 0 0 1650 4958; baseline 0 0"><span class='ocrx_word' id='word_1_115' title='bbox 0 0 1650 4958; x_wconf 95' lang='lat' dir='ltr'><strong> </strong></span> 
     </span>
    </p>
   </div>
  </div>
 </body>
</html>
