<?xml version="1.0" encoding="UTF-8"?>
<!DOCTYPE html PUBLIC "-//W3C//DTD XHTML 1.0 Transitional//EN"
    "http://www.w3.org/TR/xhtml1/DTD/xhtml1-transitional.dtd">
<html xmlns="http://www.w3.org/1999/xhtml" xml:lang="en" lang="en">
 <head>
  <title>
</title>
<meta http-equiv="Content-Type" content="text/html;charset=utf-8" />
  <meta name='ocr-system' content='tesseract 3.04.00' />
  <meta name='ocr-capabilities' content='ocr_page ocr_carea ocr_par ocr_line ocrx_word'/>
</head>
<body>
  <div class='ocr_page' id='page_1' title='image "./destellarumappe00gundgoog_0038.png"; bbox 0 0 3278 4964; ppageno 0'>
   <div class='ocr_carea' id='block_1_1' title="bbox 176 348 1353 436">
    <p class='ocr_par' dir='ltr' id='par_1_1' title="bbox 176 348 1353 436">
     <span class='ocr_line' id='line_1_1' title="bbox 176 348 1353 436; baseline 0 -33"><span class='ocrx_word' id='word_1_1' title='bbox 176 349 232 436; x_wconf 82' lang='grc'>29]</span> <span class='ocrx_word' id='word_1_2' title='bbox 400 350 440 403; x_wconf 84' lang='grc'>115</span> <span class='ocrx_word' id='word_1_3' title='bbox 458 349 600 404; x_wconf 85' lang='lat' dir='ltr'>stellarum</span> <span class='ocrx_word' id='word_1_4' title='bbox 618 349 800 418; x_wconf 77' lang='lat' dir='ltr'>appellatione</span> <span class='ocrx_word' id='word_1_5' title='bbox 818 357 846 403; x_wconf 89' lang='lat' dir='ltr'>et</span> <span class='ocrx_word' id='word_1_6' title='bbox 864 348 996 418; x_wconf 84' lang='lat' dir='ltr'>religione</span> <span class='ocrx_word' id='word_1_7' title='bbox 1013 349 1135 404; x_wconf 89' lang='lat' dir='ltr'>Romana</span> <span class='ocrx_word' id='word_1_8' title='bbox 1293 351 1353 416; x_wconf 83' lang='lat'>121</span> 
     </span>
    </p>
   </div>
   <div class='ocr_carea' id='block_1_2' title="bbox 174 519 1362 3573">
    <p class='ocr_par' dir='ltr' id='par_1_2' title="bbox 176 519 1354 706">
     <span class='ocr_line' id='line_1_2' title="bbox 176 519 1354 602; baseline -0.002 -13"><span class='ocrx_word' id='word_1_9' title='bbox 176 522 374 590; x_wconf 85' lang='lat' dir='ltr'>Graecorum</span> <span class='ocrx_word' id='word_1_10' title='bbox 397 519 586 601; x_wconf 78' lang='lat' dir='ltr'>opinatione</span> <span class='ocrx_word' id='word_1_11' title='bbox 601 519 733 585; x_wconf 84' lang='lat' dir='ltr'>fluxisse</span> <span class='ocrx_word' id='word_1_12' title='bbox 756 519 922 602; x_wconf 85' lang='lat' dir='ltr'>coniciam,</span> <span class='ocrx_word' id='word_1_13' title='bbox 945 539 1031 600; x_wconf 88' lang='lat' dir='ltr'>quae</span> <span class='ocrx_word' id='word_1_14' title='bbox 1046 526 1202 601; x_wconf 86' lang='lat' dir='ltr'>quantum</span> <span class='ocrx_word' id='word_1_15' title='bbox 1219 521 1354 588; x_wconf 88' lang='grc'><strong>155551-</strong></span> 
     </span>
     <span class='ocr_line' id='line_1_3' title="bbox 176 621 1033 706; baseline -0.001 -17"><span class='ocrx_word' id='word_1_16' title='bbox 176 642 312 706; x_wconf 89' lang='lat' dir='ltr'>quorum</span> <span class='ocrx_word' id='word_1_17' title='bbox 333 628 407 688; x_wconf 89' lang='lat' dir='ltr'>arte</span> <span class='ocrx_word' id='word_1_18' title='bbox 429 623 575 689; x_wconf 90' lang='lat' dir='ltr'>valuerit</span> <span class='ocrx_word' id='word_1_19' title='bbox 598 622 671 702; x_wconf 88' lang='lat' dir='ltr'>quis</span> <span class='ocrx_word' id='word_1_20' title='bbox 692 627 744 688; x_wconf 87' lang='lat' dir='ltr'>est</span> <span class='ocrx_word' id='word_1_21' title='bbox 767 621 822 703; x_wconf 88' lang='lat' dir='ltr'>qui</span> <span class='ocrx_word' id='word_1_22' title='bbox 845 622 1033 706; x_wconf 82' lang='lat' dir='ltr'>nesciat?¹)</span> 
     </span>
    </p>

    <p class='ocr_par' dir='ltr' id='par_1_3' title="bbox 174 725 1357 1629">
     <span class='ocr_line' id='line_1_4' title="bbox 232 725 1355 810; baseline 0.001 -18"><span class='ocrx_word' id='word_1_23' title='bbox 232 749 234 751; x_wconf 47' lang='lat'><strong><em>¹</em></strong></span> <span class='ocrx_word' id='word_1_24' title='bbox 262 726 449 806; x_wconf 81' lang='lat' dir='ltr'>Eodemque</span> <span class='ocrx_word' id='word_1_25' title='bbox 472 744 534 806; x_wconf 91' lang='lat' dir='ltr'>qno</span> <span class='ocrx_word' id='word_1_26' title='bbox 550 725 636 790; x_wconf 87' lang='lat' dir='ltr'>hano</span> <span class='ocrx_word' id='word_1_27' title='bbox 654 725 853 791; x_wconf 89' lang='lat' dir='ltr'>senteutiam</span> <span class='ocrx_word' id='word_1_28' title='bbox 875 727 967 791; x_wconf 94' lang='lat' dir='ltr'>modo</span> <span class='ocrx_word' id='word_1_29' title='bbox 990 728 1033 792; x_wconf 89' lang='lat' dir='ltr'>ad</span> <span class='ocrx_word' id='word_1_30' title='bbox 1053 727 1196 793; x_wconf 85' lang='lat' dir='ltr'>Graecos</span> <span class='ocrx_word' id='word_1_31' title='bbox 1211 728 1355 810; x_wconf 77' lang='lat' dir='ltr'>relegam</span> 
     </span>
     <span class='ocr_line' id='line_1_5' title="bbox 176 826 1355 910; baseline 0.001 -16"><span class='ocrx_word' id='word_1_32' title='bbox 176 827 349 895; x_wconf 85' lang='lat' dir='ltr'>luciferum</span> <span class='ocrx_word' id='word_1_33' title='bbox 382 826 445 893; x_wconf 89' lang='lat' dir='ltr'>alis</span> <span class='ocrx_word' id='word_1_34' title='bbox 474 827 670 909; x_wconf 87' lang='lat' dir='ltr'>praeditum.</span> <span class='ocrx_word' id='word_1_35' title='bbox 725 827 832 893; x_wconf 90' lang='lat' dir='ltr'>Huius</span> <span class='ocrx_word' id='word_1_36' title='bbox 862 827 959 893; x_wconf 89' lang='lat' dir='ltr'>testis</span> <span class='ocrx_word' id='word_1_37' title='bbox 996 831 1082 910; x_wconf 91' lang='lat' dir='ltr'>apud</span> <span class='ocrx_word' id='word_1_38' title='bbox 1112 829 1186 895; x_wconf 91' lang='lat' dir='ltr'>illos</span> <span class='ocrx_word' id='word_1_39' title='bbox 1216 834 1267 895; x_wconf 91' lang='lat' dir='ltr'>est</span> <span class='ocrx_word' id='word_1_40' title='bbox 1295 831 1355 895; x_wconf 91' lang='lat' dir='ltr'>Ion</span> 
     </span>
     <span class='ocr_line' id='line_1_6' title="bbox 174 928 1354 1015; baseline -0.003 -18"><span class='ocrx_word' id='word_1_41' title='bbox 174 936 272 1013; x_wconf 84' lang='lat' dir='ltr'>poeta</span> <span class='ocrx_word' id='word_1_42' title='bbox 302 930 377 1014; x_wconf 80' lang='lat' dir='ltr'>(frg.</span> <span class='ocrx_word' id='word_1_43' title='bbox 408 931 449 995; x_wconf 85' lang='lat'>10</span> <span class='ocrx_word' id='word_1_44' title='bbox 477 930 621 1014; x_wconf 82' lang='lat' dir='ltr'>Bergk),</span> <span class='ocrx_word' id='word_1_45' title='bbox 650 929 707 1011; x_wconf 87' lang='lat' dir='ltr'>qui</span> <span class='ocrx_word' id='word_1_46' title='bbox 730 929 852 995; x_wconf 82' lang='lat' dir='ltr'>cecinit</span> <span class='ocrx_word' id='word_1_47' title='bbox 881 928 982 992; x_wconf 78' lang='grc' dir='ltr'>ἀώιον</span> <span class='ocrx_word' id='word_1_48' title='bbox 1011 929 1208 1015; x_wconf 67' lang='lat' dir='ltr'>depopulante</span> <span class='ocrx_word' id='word_1_49' title='bbox 1237 930 1354 1015; x_wconf 79' lang='grc' dir='ltr'><em>ἀστέρα</em></span> 
     </span>
     <span class='ocr_line' id='line_1_7' title="bbox 177 1030 1355 1117; baseline 0.002 -19"><span class='ocrx_word' id='word_1_50' title='bbox 177 1032 321 1100; x_wconf 73' lang='lat' dir='ltr'>..eatae</span> <span class='ocrx_word' id='word_1_51' title='bbox 335 1031 572 1115; x_wconf 75' lang='grc' dir='ltr'><strong><em>λευκοπτέρυγα</em></strong></span> <span class='ocrx_word' id='word_1_52' title='bbox 586 1030 781 1117; x_wconf 76' lang='grc' dir='ltr'><strong>πρόδρομον.</strong></span> <span class='ocrx_word' id='word_1_53' title='bbox 804 1034 889 1098; x_wconf 81' lang='lat' dir='ltr'>Eum</span> <span class='ocrx_word' id='word_1_54' title='bbox 905 1038 1053 1099; x_wconf 88' lang='lat' dir='ltr'>secutum</span> <span class='ocrx_word' id='word_1_55' title='bbox 1068 1053 1141 1100; x_wconf 90' lang='lat' dir='ltr'>esse</span> <span class='ocrx_word' id='word_1_56' title='bbox 1163 1039 1242 1116; x_wconf 92' lang='lat' dir='ltr'>puto</span> <span class='ocrx_word' id='word_1_57' title='bbox 1259 1035 1355 1101; x_wconf 91' lang='lat' dir='ltr'>Vale·</span> 
     </span>
     <span class='ocr_line' id='line_1_8' title="bbox 176 1135 1356 1221; baseline 0.001 -19"><span class='ocrx_word' id='word_1_58' title='bbox 176 1135 260 1202; x_wconf 90' lang='lat' dir='ltr'>rium</span> <span class='ocrx_word' id='word_1_59' title='bbox 282 1136 436 1201; x_wconf 79' lang='lat' dir='ltr'><strong>Flaccum</strong></span> <span class='ocrx_word' id='word_1_60' title='bbox 452 1135 528 1217; x_wconf 84' lang='lat' dir='ltr'>Arg.</span> <span class='ocrx_word' id='word_1_61' title='bbox 544 1135 592 1200; x_wconf 93' lang='lat' dir='ltr'>VI</span> <span class='ocrx_word' id='word_1_62' title='bbox 607 1137 688 1202; x_wconf 85' lang='grc'><strong>521;</strong></span> <span class='ocrx_word' id='word_1_63' title='bbox 710 1136 852 1199; x_wconf 73' lang='grc'><strong>5555511</strong></span> <span class='ocrx_word' id='word_1_64' title='bbox 874 1136 987 1217; x_wconf 75' lang='lat' dir='ltr'>lucifer</span> <span class='ocrx_word' id='word_1_65' title='bbox 1001 1136 1099 1221; x_wconf 59' lang='lat' dir='ltr'>udal)</span> <span class='ocrx_word' id='word_1_66' title='bbox 1143 1137 1207 1202; x_wconf 88' lang='lat' dir='ltr'>Hie</span> <span class='ocrx_word' id='word_1_67' title='bbox 1230 1155 1356 1218; x_wconf 87' lang='lat' dir='ltr'>quoque</span> 
     </span>
     <span class='ocr_line' id='line_1_9' title="bbox 176 1236 1357 1320; baseline 0 -16"><span class='ocrx_word' id='word_1_68' title='bbox 176 1238 393 1305; x_wconf 83' lang='lat' dir='ltr'>coniecturam</span> <span class='ocrx_word' id='word_1_69' title='bbox 407 1237 555 1304; x_wconf 80' lang='lat' dir='ltr'>Graecae</span> <span class='ocrx_word' id='word_1_70' title='bbox 571 1237 709 1319; x_wconf 84' lang='lat' dir='ltr'>originis</span> <span class='ocrx_word' id='word_1_71' title='bbox 725 1243 934 1304; x_wconf 90' lang='lat' dir='ltr'>monumenta</span> <span class='ocrx_word' id='word_1_72' title='bbox 945 1236 1107 1305; x_wconf 87' lang='lat' dir='ltr'>adiuvant</span> <span class='ocrx_word' id='word_1_73' title='bbox 1119 1258 1237 1320; x_wconf 82' lang='lat' dir='ltr'>pueros</span> <span class='ocrx_word' id='word_1_74' title='bbox 1250 1240 1357 1305; x_wconf 89' lang='lat' dir='ltr'>alatos</span> 
     </span>
     <span class='ocr_line' id='line_1_10' title="bbox 177 1339 1357 1424; baseline -0.001 -17"><span class='ocrx_word' id='word_1_75' title='bbox 177 1358 315 1407; x_wconf 89' lang='lat' dir='ltr'>aurorae</span> <span class='ocrx_word' id='word_1_76' title='bbox 337 1341 392 1407; x_wconf 85' lang='lat' dir='ltr'>vel</span> <span class='ocrx_word' id='word_1_77' title='bbox 414 1339 476 1406; x_wconf 90' lang='lat' dir='ltr'>soli</span> <span class='ocrx_word' id='word_1_78' title='bbox 499 1340 617 1406; x_wconf 83' lang='lat' dir='ltr'>orienti</span> <span class='ocrx_word' id='word_1_79' title='bbox 649 1339 907 1424; x_wconf 78' lang='lat' dir='ltr'>praeminentia,</span> <span class='ocrx_word' id='word_1_80' title='bbox 940 1359 1074 1421; x_wconf 86' lang='lat' dir='ltr'>quorum</span> <span class='ocrx_word' id='word_1_81' title='bbox 1105 1341 1223 1407; x_wconf 85' lang='lat' dir='ltr'>lucifer</span> <span class='ocrx_word' id='word_1_82' title='bbox 1251 1340 1357 1407; x_wconf 83' lang='lat' dir='ltr'>facem</span> 
     </span>
     <span class='ocr_line' id='line_1_11' title="bbox 175 1441 1357 1528; baseline -0.003 -19"><span class='ocrx_word' id='word_1_83' title='bbox 175 1443 210 1509; x_wconf 93' lang='lat' dir='ltr'>in</span> <span class='ocrx_word' id='word_1_84' title='bbox 225 1445 328 1510; x_wconf 90' lang='lat' dir='ltr'>altum</span> <span class='ocrx_word' id='word_1_85' title='bbox 342 1443 515 1524; x_wconf 82' lang='lat' dir='ltr'>sublatam,</span> <span class='ocrx_word' id='word_1_86' title='bbox 536 1443 695 1524; x_wconf 84' lang='lat' dir='ltr'>hesperus</span> <span class='ocrx_word' id='word_1_87' title='bbox 710 1441 801 1508; x_wconf 88' lang='lat' dir='ltr'>humi</span> <span class='ocrx_word' id='word_1_88' title='bbox 817 1445 1005 1524; x_wconf 86' lang='lat' dir='ltr'>depressam</span> <span class='ocrx_word' id='word_1_89' title='bbox 1021 1444 1108 1524; x_wconf 87' lang='lat' dir='ltr'>gerit</span> <span class='ocrx_word' id='word_1_90' title='bbox 1123 1443 1165 1528; x_wconf 90' lang='lat' dir='ltr'>(v.</span> <span class='ocrx_word' id='word_1_91' title='bbox 1181 1462 1206 1508; x_wconf 91' lang='lat' dir='ltr'>c.</span> <span class='ocrx_word' id='word_1_92' title='bbox 1232 1442 1357 1508; x_wconf 80' lang='lat' dir='ltr'>Wiener</span> 
     </span>
     <span class='ocr_line' id='line_1_12' title="bbox 182 1545 794 1629; baseline -0.002 -19"><span class='ocrx_word' id='word_1_93' title='bbox 182 1545 417 1627; x_wconf 78' lang='lat' dir='ltr'>Verlepebliitter</span> <span class='ocrx_word' id='word_1_94' title='bbox 438 1546 524 1609; x_wconf 80' lang='grc'><strong>1880</strong></span> <span class='ocrx_word' id='word_1_95' title='bbox 546 1546 627 1611; x_wconf 71' lang='lat' dir='ltr'>nab.</span> <span class='ocrx_word' id='word_1_96' title='bbox 650 1545 703 1610; x_wconf 89' lang='lat' dir='ltr'>IX</span> <span class='ocrx_word' id='word_1_97' title='bbox 725 1545 794 1629; x_wconf 82' lang='grc'><strong>35).</strong></span> 
     </span>
    </p>

    <p class='ocr_par' dir='ltr' id='par_1_4' title="bbox 176 1647 1360 2857">
     <span class='ocr_line' id='line_1_13' title="bbox 261 1647 1357 1731; baseline -0.003 -17"><span class='ocrx_word' id='word_1_98' title='bbox 261 1648 425 1714; x_wconf 87' lang='lat' dir='ltr'>Incertior</span> <span class='ocrx_word' id='word_1_99' title='bbox 446 1648 537 1731; x_wconf 82' lang='lat' dir='ltr'>origo</span> <span class='ocrx_word' id='word_1_100' title='bbox 560 1649 632 1714; x_wconf 89' lang='lat' dir='ltr'>eius</span> <span class='ocrx_word' id='word_1_101' title='bbox 655 1647 816 1729; x_wconf 88' lang='lat' dir='ltr'>opinionis</span> <span class='ocrx_word' id='word_1_102' title='bbox 839 1653 897 1730; x_wconf 87' lang='lat' dir='ltr'>est,</span> <span class='ocrx_word' id='word_1_103' title='bbox 929 1666 1014 1727; x_wconf 88' lang='lat' dir='ltr'>quae</span> <span class='ocrx_word' id='word_1_104' title='bbox 1036 1648 1155 1713; x_wconf 87' lang='lat' dir='ltr'>stellae</span> <span class='ocrx_word' id='word_1_105' title='bbox 1176 1666 1259 1729; x_wconf 88' lang='lat' dir='ltr'>prae</span> <span class='ocrx_word' id='word_1_106' title='bbox 1280 1647 1357 1712; x_wconf 88' lang='lat' dir='ltr'>reli-</span> 
     </span>
     <span class='ocr_line' id='line_1_14' title="bbox 176 1750 1357 1835; baseline -0.001 -18"><span class='ocrx_word' id='word_1_107' title='bbox 176 1751 248 1832; x_wconf 88' lang='lat' dir='ltr'>quis</span> <span class='ocrx_word' id='word_1_108' title='bbox 277 1751 431 1817; x_wconf 87' lang='lat' dir='ltr'>membris</span> <span class='ocrx_word' id='word_1_109' title='bbox 443 1750 468 1835; x_wconf 75' lang='lat' dir='ltr'>a)</span> <span class='ocrx_word' id='word_1_110' title='bbox 498 1756 599 1833; x_wconf 90' lang='lat' dir='ltr'>caput</span> <span class='ocrx_word' id='word_1_111' title='bbox 629 1752 683 1818; x_wconf 85' lang='lat' dir='ltr'>vel</span> <span class='ocrx_word' id='word_1_112' title='bbox 706 1750 824 1816; x_wconf 84' lang='lat' dir='ltr'>faciem</span> <span class='ocrx_word' id='word_1_113' title='bbox 854 1751 979 1816; x_wconf 89' lang='lat' dir='ltr'>laudat.</span> <span class='ocrx_word' id='word_1_114' title='bbox 1023 1751 1106 1816; x_wconf 91' lang='lat' dir='ltr'>Nam</span> <span class='ocrx_word' id='word_1_115' title='bbox 1136 1752 1197 1816; x_wconf 89' lang='grc'><strong>1555</strong></span> <span class='ocrx_word' id='word_1_116' title='bbox 1226 1755 1286 1816; x_wconf 87' lang='grc'>555</span> <span class='ocrx_word' id='word_1_117' title='bbox 1316 1768 1357 1815; x_wconf 86' lang='lat' dir='ltr'>ex</span> 
     </span>
     <span class='ocr_line' id='line_1_15' title="bbox 177 1852 1358 1935; baseline -0.002 -16"><span class='ocrx_word' id='word_1_118' title='bbox 177 1853 330 1935; x_wconf 90' lang='lat' dir='ltr'>operibus</span> <span class='ocrx_word' id='word_1_119' title='bbox 353 1860 426 1919; x_wconf 90' lang='lat' dir='ltr'>arte</span> <span class='ocrx_word' id='word_1_120' title='bbox 448 1852 549 1919; x_wconf 83' lang='lat' dir='ltr'>factis</span> <span class='ocrx_word' id='word_1_121' title='bbox 572 1854 771 1934; x_wconf 82' lang='lat' dir='ltr'>sumebatur,</span> <span class='ocrx_word' id='word_1_122' title='bbox 794 1852 827 1918; x_wconf 93' lang='lat' dir='ltr'>in</span> <span class='ocrx_word' id='word_1_123' title='bbox 852 1853 970 1933; x_wconf 88' lang='lat' dir='ltr'>quibus</span> <span class='ocrx_word' id='word_1_124' title='bbox 994 1852 1131 1935; x_wconf 87' lang='lat' dir='ltr'>Vesperi</span> <span class='ocrx_word' id='word_1_125' title='bbox 1154 1857 1254 1935; x_wconf 89' lang='lat' dir='ltr'>caput</span> <span class='ocrx_word' id='word_1_126' title='bbox 1284 1871 1358 1918; x_wconf 92' lang='lat' dir='ltr'>con·</span> 
     </span>
     <span class='ocr_line' id='line_1_16' title="bbox 177 1955 1358 2039; baseline -0.001 -18"><span class='ocrx_word' id='word_1_127' title='bbox 177 1956 351 2039; x_wconf 56' lang='lat' dir='ltr'>spiciturf)</span> <span class='ocrx_word' id='word_1_128' title='bbox 373 1956 526 2037; x_wconf 90' lang='lat' dir='ltr'>populari</span> <span class='ocrx_word' id='word_1_129' title='bbox 549 1958 688 2036; x_wconf 88' lang='lat' dir='ltr'>quadam</span> <span class='ocrx_word' id='word_1_130' title='bbox 713 1955 910 2039; x_wconf 88' lang='lat' dir='ltr'>opinatione,</span> <span class='ocrx_word' id='word_1_131' title='bbox 934 1975 1019 2037; x_wconf 90' lang='lat' dir='ltr'>quae</span> <span class='ocrx_word' id='word_1_132' title='bbox 1041 1956 1156 2022; x_wconf 88' lang='lat' dir='ltr'>stellas</span> <span class='ocrx_word' id='word_1_133' title='bbox 1178 1975 1236 2037; x_wconf 90' lang='lat' dir='ltr'>pro</span> <span class='ocrx_word' id='word_1_134' title='bbox 1269 1955 1358 2036; x_wconf 87' lang='lat' dir='ltr'>capi-</span> 
     </span>
     <span class='ocr_line' id='line_1_17' title="bbox 176 2056 1357 2141; baseline -0.001 -18"><span class='ocrx_word' id='word_1_135' title='bbox 176 2057 265 2124; x_wconf 89' lang='lat' dir='ltr'>tibus</span> <span class='ocrx_word' id='word_1_136' title='bbox 297 2059 449 2140; x_wconf 88' lang='lat' dir='ltr'>habebat,</span> <span class='ocrx_word' id='word_1_137' title='bbox 478 2077 564 2139; x_wconf 90' lang='lat' dir='ltr'>quae</span> <span class='ocrx_word' id='word_1_138' title='bbox 591 2058 747 2141; x_wconf 86' lang='lat' dir='ltr'>niterent,</span> <span class='ocrx_word' id='word_1_139' title='bbox 776 2077 848 2124; x_wconf 89' lang='lat' dir='ltr'>oum</span> <span class='ocrx_word' id='word_1_140' title='bbox 878 2077 994 2141; x_wconf 87' lang='lat' dir='ltr'>corpus</span> <span class='ocrx_word' id='word_1_141' title='bbox 1024 2058 1186 2139; x_wconf 88' lang='lat' dir='ltr'>reliquum</span> <span class='ocrx_word' id='word_1_142' title='bbox 1215 2056 1357 2140; x_wconf 83' lang='lat' dir='ltr'>caligine</span> 
     </span>
     <span class='ocr_line' id='line_1_18' title="bbox 178 2159 1358 2243; baseline 0 -19"><span class='ocrx_word' id='word_1_143' title='bbox 178 2170 389 2241; x_wconf 90' lang='lat' dir='ltr'>premeretur.</span> <span class='ocrx_word' id='word_1_144' title='bbox 434 2161 520 2226; x_wconf 92' lang='lat' dir='ltr'>Utut</span> <span class='ocrx_word' id='word_1_145' title='bbox 541 2162 624 2227; x_wconf 88' lang='lat' dir='ltr'>haec</span> <span class='ocrx_word' id='word_1_146' title='bbox 645 2180 698 2227; x_wconf 87' lang='lat' dir='ltr'>res</span> <span class='ocrx_word' id='word_1_147' title='bbox 721 2179 756 2227; x_wconf 88' lang='lat' dir='ltr'>se</span> <span class='ocrx_word' id='word_1_148' title='bbox 779 2161 891 2243; x_wconf 77' lang='lat' dir='ltr'>habet,</span> <span class='ocrx_word' id='word_1_149' title='bbox 920 2160 1024 2226; x_wconf 84' lang='lat' dir='ltr'>fnisse</span> <span class='ocrx_word' id='word_1_150' title='bbox 1047 2180 1119 2226; x_wconf 91' lang='lat' dir='ltr'>eam</span> <span class='ocrx_word' id='word_1_151' title='bbox 1149 2163 1285 2226; x_wconf 86' lang='lat' dir='ltr'>docetur</span> <span class='ocrx_word' id='word_1_152' title='bbox 1306 2159 1358 2224; x_wconf 90' lang='lat' dir='ltr'>his</span> 
     </span>
     <span class='ocr_line' id='line_1_19' title="bbox 179 2263 1357 2347; baseline -0.003 -20"><span class='ocrx_word' id='word_1_153' title='bbox 179 2263 353 2343; x_wconf 85' lang='lat' dir='ltr'>exemplis:</span> <span class='ocrx_word' id='word_1_154' title='bbox 384 2263 481 2346; x_wconf 84' lang='lat' dir='ltr'>Verg.</span> <span class='ocrx_word' id='word_1_155' title='bbox 505 2265 586 2329; x_wconf 85' lang='lat' dir='ltr'>Aen.</span> <span class='ocrx_word' id='word_1_156' title='bbox 608 2263 694 2328; x_wconf 91' lang='lat' dir='ltr'>VIII</span> <span class='ocrx_word' id='word_1_157' title='bbox 716 2264 779 2329; x_wconf 89' lang='grc'>589</span> <span class='ocrx_word' id='word_1_158' title='bbox 809 2263 965 2347; x_wconf 80' lang='lat' dir='ltr'>(lucifer.</span> <span class='ocrx_word' id='word_1_159' title='bbox 990 2312 997 2325; x_wconf 92' lang='lat'>.</span> <span class='ocrx_word' id='word_1_160' title='bbox 1020 2264 1131 2327; x_wconf 69' lang='lat' dir='ltr'>extulit</span> <span class='ocrx_word' id='word_1_161' title='bbox 1161 2282 1195 2325; x_wconf 84' lang='lat' dir='ltr'>oa</span> <span class='ocrx_word' id='word_1_162' title='bbox 1222 2281 1357 2338; x_wconf 81' lang='lat' dir='ltr'>suerum,</span> 
     </span>
     <span class='ocr_line' id='line_1_20' title="bbox 179 2363 1358 2447; baseline -0.001 -18"><span class='ocrx_word' id='word_1_163' title='bbox 179 2383 273 2444; x_wconf 89' lang='lat' dir='ltr'>quem</span> <span class='ocrx_word' id='word_1_164' title='bbox 294 2366 400 2430; x_wconf 90' lang='lat' dir='ltr'>locum</span> <span class='ocrx_word' id='word_1_165' title='bbox 422 2365 575 2431; x_wconf 89' lang='lat' dir='ltr'>imitatus</span> <span class='ocrx_word' id='word_1_166' title='bbox 604 2373 655 2431; x_wconf 92' lang='lat' dir='ltr'>est</span> <span class='ocrx_word' id='word_1_167' title='bbox 677 2368 798 2431; x_wconf 89' lang='lat' dir='ltr'>Auson.</span> <span class='ocrx_word' id='word_1_168' title='bbox 829 2370 914 2431; x_wconf 87' lang='lat' dir='ltr'>cent.</span> <span class='ocrx_word' id='word_1_169' title='bbox 936 2370 1027 2447; x_wconf 91' lang='lat' dir='ltr'>nupt.</span> <span class='ocrx_word' id='word_1_170' title='bbox 1050 2366 1092 2431; x_wconf 81' lang='grc'>58</span> <span class='ocrx_word' id='word_1_171' title='bbox 1115 2394 1156 2419; x_wconf 93' lang='lat'>=</span> <span class='ocrx_word' id='word_1_172' title='bbox 1178 2384 1207 2445; x_wconf 93' lang='lat' dir='ltr'>p.</span> <span class='ocrx_word' id='word_1_173' title='bbox 1231 2363 1358 2445; x_wconf 83' lang='lat' dir='ltr'>212P);</span> 
     </span>
     <span class='ocr_line' id='line_1_21' title="bbox 179 2466 1358 2549; baseline -0.002 -16"><span class='ocrx_word' id='word_1_174' title='bbox 179 2466 237 2533; x_wconf 90' lang='lat' dir='ltr'>Ov.</span> <span class='ocrx_word' id='word_1_175' title='bbox 270 2467 349 2532; x_wconf 87' lang='lat' dir='ltr'>Met.</span> <span class='ocrx_word' id='word_1_176' title='bbox 378 2467 429 2532; x_wconf 92' lang='lat' dir='ltr'>XI</span> <span class='ocrx_word' id='word_1_177' title='bbox 452 2468 516 2534; x_wconf 82' lang='grc'>570</span> <span class='ocrx_word' id='word_1_178' title='bbox 528 2486 604 2549; x_wconf 83' lang='lat' dir='ltr'>sqq,</span> <span class='ocrx_word' id='word_1_179' title='bbox 634 2468 699 2533; x_wconf 89' lang='lat' dir='ltr'>XV</span> <span class='ocrx_word' id='word_1_180' title='bbox 730 2468 800 2543; x_wconf 85' lang='grc'><strong>789,</strong></span> <span class='ocrx_word' id='word_1_181' title='bbox 830 2467 922 2532; x_wconf 87' lang='lat' dir='ltr'>Fast.</span> <span class='ocrx_word' id='word_1_182' title='bbox 950 2466 1221 2547; x_wconf 77' lang='lat' dir='ltr'>V4193001nm.</span> <span class='ocrx_word' id='word_1_183' title='bbox 1251 2468 1292 2530; x_wconf 87' lang='lat' dir='ltr'>de</span> <span class='ocrx_word' id='word_1_184' title='bbox 1321 2484 1358 2531; x_wconf 88' lang='lat' dir='ltr'>re</span> 
     </span>
     <span class='ocr_line' id='line_1_22' title="bbox 178 2568 1357 2652; baseline -0.002 -18"><span class='ocrx_word' id='word_1_185' title='bbox 178 2574 259 2635; x_wconf 85' lang='lat' dir='ltr'>rust.</span> <span class='ocrx_word' id='word_1_186' title='bbox 296 2570 330 2634; x_wconf 92' lang='lat' dir='ltr'>X</span> <span class='ocrx_word' id='word_1_187' title='bbox 362 2570 440 2652; x_wconf 87' lang='grc'><strong>290,</strong></span> <span class='ocrx_word' id='word_1_188' title='bbox 478 2570 646 2636; x_wconf 80' lang='lat' dir='ltr'>Tiberian.</span> <span class='ocrx_word' id='word_1_189' title='bbox 676 2570 770 2635; x_wconf 86' lang='lat' dir='ltr'>PLM</span> <span class='ocrx_word' id='word_1_190' title='bbox 800 2571 853 2635; x_wconf 90' lang='lat' dir='ltr'>HI</span> <span class='ocrx_word' id='word_1_191' title='bbox 883 2570 963 2652; x_wconf 87' lang='grc'><strong>269,</strong></span> <span class='ocrx_word' id='word_1_192' title='bbox 985 2570 1021 2650; x_wconf 92' lang='grc'>5;</span> <span class='ocrx_word' id='word_1_193' title='bbox 1050 2569 1165 2634; x_wconf 84' lang='grc' dir='ltr'><strong>Β55515.</strong></span> <span class='ocrx_word' id='word_1_194' title='bbox 1194 2569 1212 2633; x_wconf 96' lang='lat' dir='ltr'>I</span> <span class='ocrx_word' id='word_1_195' title='bbox 1241 2568 1278 2650; x_wconf 89' lang='grc'>5,</span> <span class='ocrx_word' id='word_1_196' title='bbox 1309 2568 1357 2633; x_wconf 89' lang='grc'><strong>13.</strong></span> 
     </span>
     <span class='ocr_line' id='line_1_23' title="bbox 179 2671 1360 2756; baseline -0.001 -20"><span class='ocrx_word' id='word_1_197' title='bbox 179 2672 249 2737; x_wconf 91' lang='lat' dir='ltr'>Iam</span> <span class='ocrx_word' id='word_1_198' title='bbox 270 2671 511 2756; x_wconf 76' lang='lat' dir='ltr'>intellegimuS,</span> <span class='ocrx_word' id='word_1_199' title='bbox 544 2692 647 2754; x_wconf 88' lang='lat' dir='ltr'>quare</span> <span class='ocrx_word' id='word_1_200' title='bbox 677 2673 748 2739; x_wconf 90' lang='lat' dir='ltr'>eius</span> <span class='ocrx_word' id='word_1_201' title='bbox 771 2673 857 2738; x_wconf 89' lang='lat' dir='ltr'>radii</span> <span class='ocrx_word' id='word_1_202' title='bbox 879 2672 1034 2738; x_wconf 85' lang='lat' dir='ltr'>dicantur</span> <span class='ocrx_word' id='word_1_203' title='bbox 1060 2690 1179 2755; x_wconf 90' lang='lat' dir='ltr'>comae,</span> <span class='ocrx_word' id='word_1_204' title='bbox 1207 2690 1236 2737; x_wconf 85' lang='lat' dir='ltr'>v.</span> <span class='ocrx_word' id='word_1_205' title='bbox 1259 2689 1360 2752; x_wconf 89' lang='lat' dir='ltr'>supra</span> 
     </span>
     <span class='ocr_line' id='line_1_24' title="bbox 181 2776 325 2857; baseline 0 -18"><span class='ocrx_word' id='word_1_206' title='bbox 181 2793 253 2857; x_wconf 81' lang='lat' dir='ltr'>pag.</span> <span class='ocrx_word' id='word_1_207' title='bbox 276 2776 325 2841; x_wconf 86' lang='lat'>15.</span> 
     </span>
    </p>

    <p class='ocr_par' dir='ltr' id='par_1_5' title="bbox 180 2876 1362 3573">
     <span class='ocr_line' id='line_1_25' title="bbox 265 2876 1359 2957; baseline -0.001 -15"><span class='ocrx_word' id='word_1_208' title='bbox 265 2877 329 2942; x_wconf 87' lang='lat' dir='ltr'>Sed</span> <span class='ocrx_word' id='word_1_209' title='bbox 352 2878 469 2944; x_wconf 90' lang='lat' dir='ltr'>redeat</span> <span class='ocrx_word' id='word_1_210' title='bbox 491 2880 578 2944; x_wconf 91' lang='lat' dir='ltr'>unde</span> <span class='ocrx_word' id='word_1_211' title='bbox 601 2877 737 2944; x_wconf 84' lang='lat' dir='ltr'>deflexit</span> <span class='ocrx_word' id='word_1_212' title='bbox 766 2878 880 2944; x_wconf 90' lang='lat' dir='ltr'>oratio.</span> <span class='ocrx_word' id='word_1_213' title='bbox 932 2877 1017 2943; x_wconf 92' lang='lat' dir='ltr'>Dum</span> <span class='ocrx_word' id='word_1_214' title='bbox 1044 2877 1262 2943; x_wconf 83' lang='lat' dir='ltr'>Romanorum</span> <span class='ocrx_word' id='word_1_215' title='bbox 1292 2876 1359 2957; x_wconf 92' lang='lat' dir='ltr'>opi·</span> 
     </span>
     <span class='ocr_line' id='line_1_26' title="bbox 180 2978 1359 3061; baseline 0 -18"><span class='ocrx_word' id='word_1_216' title='bbox 180 2978 293 3045; x_wconf 90' lang='lat' dir='ltr'>niones</span> <span class='ocrx_word' id='word_1_217' title='bbox 317 2980 389 3046; x_wconf 86' lang='lat' dir='ltr'>sive</span> <span class='ocrx_word' id='word_1_218' title='bbox 416 2981 593 3061; x_wconf 90' lang='lat' dir='ltr'>primarias</span> <span class='ocrx_word' id='word_1_219' title='bbox 616 2980 687 3047; x_wconf 86' lang='lat' dir='ltr'>sive</span> <span class='ocrx_word' id='word_1_220' title='bbox 712 2980 910 3047; x_wconf 86' lang='lat' dir='ltr'>Graecorum</span> <span class='ocrx_word' id='word_1_221' title='bbox 933 2979 1084 3046; x_wconf 86' lang='lat' dir='ltr'>doctrina</span> <span class='ocrx_word' id='word_1_222' title='bbox 1114 2980 1263 3046; x_wconf 82' lang='lat' dir='ltr'>excultas</span> <span class='ocrx_word' id='word_1_223' title='bbox 1286 2997 1359 3060; x_wconf 90' lang='lat' dir='ltr'>per·</span> 
     </span>
     <span class='ocr_line' id='line_1_27' title="bbox 181 3082 1362 3165; baseline 0 -19"><span class='ocrx_word' id='word_1_224' title='bbox 181 3099 356 3163; x_wconf 74' lang='lat' dir='ltr'>censemus</span> <span class='ocrx_word' id='word_1_225' title='bbox 379 3082 520 3148; x_wconf 85' lang='lat' dir='ltr'>diximus</span> <span class='ocrx_word' id='word_1_226' title='bbox 543 3083 660 3149; x_wconf 90' lang='lat' dir='ltr'>stellae</span> <span class='ocrx_word' id='word_1_227' title='bbox 692 3083 904 3165; x_wconf 85' lang='lat' dir='ltr'>vespertinae</span> <span class='ocrx_word' id='word_1_228' title='bbox 925 3089 1047 3148; x_wconf 86' lang='lat' dir='ltr'>motum</span> <span class='ocrx_word' id='word_1_229' title='bbox 1078 3089 1137 3148; x_wconf 88' lang='lat' dir='ltr'>aut</span> <span class='ocrx_word' id='word_1_230' title='bbox 1167 3084 1271 3147; x_wconf 90' lang='lat' dir='ltr'>eundo</span> <span class='ocrx_word' id='word_1_231' title='bbox 1302 3086 1362 3146; x_wconf 96' lang='grc'>555</span> 
     </span>
     <span class='ocr_line' id='line_1_28' title="bbox 181 3185 1360 3267; baseline 0 -17"><span class='ocrx_word' id='word_1_232' title='bbox 181 3185 329 3250; x_wconf 88' lang='lat' dir='ltr'>vehendo</span> <span class='ocrx_word' id='word_1_233' title='bbox 361 3185 484 3265; x_wconf 86' lang='lat' dir='ltr'>perfici.</span> <span class='ocrx_word' id='word_1_234' title='bbox 528 3186 640 3266; x_wconf 84' lang='lat' dir='ltr'>thue</span> <span class='ocrx_word' id='word_1_235' title='bbox 670 3204 794 3251; x_wconf 90' lang='lat' dir='ltr'>omnem</span> <span class='ocrx_word' id='word_1_236' title='bbox 816 3190 969 3251; x_wconf 90' lang='lat' dir='ltr'>naturam</span> <span class='ocrx_word' id='word_1_237' title='bbox 998 3186 1141 3251; x_wconf 88' lang='lat' dir='ltr'>humana</span> <span class='ocrx_word' id='word_1_238' title='bbox 1163 3185 1234 3267; x_wconf 88' lang='lat' dir='ltr'>pati</span> <span class='ocrx_word' id='word_1_239' title='bbox 1264 3189 1360 3265; x_wconf 91' lang='lat' dir='ltr'>puta·</span> 
     </span>
     <span class='ocr_line' id='line_1_29' title="bbox 180 3287 1360 3370; baseline -0.001 -19"><span class='ocrx_word' id='word_1_240' title='bbox 180 3287 262 3351; x_wconf 91' lang='lat' dir='ltr'>bant</span> <span class='ocrx_word' id='word_1_241' title='bbox 283 3293 422 3369; x_wconf 87' lang='lat' dir='ltr'>veteres,</span> <span class='ocrx_word' id='word_1_242' title='bbox 445 3288 492 3353; x_wconf 90' lang='lat' dir='ltr'>sic</span> <span class='ocrx_word' id='word_1_243' title='bbox 511 3288 611 3354; x_wconf 90' lang='lat' dir='ltr'>etiam</span> <span class='ocrx_word' id='word_1_244' title='bbox 634 3287 772 3370; x_wconf 86' lang='lat' dir='ltr'>fatigari</span> <span class='ocrx_word' id='word_1_245' title='bbox 795 3292 920 3352; x_wconf 88' lang='lat' dir='ltr'>astrum</span> <span class='ocrx_word' id='word_1_246' title='bbox 942 3287 1123 3369; x_wconf 82' lang='lat' dir='ltr'>gradiendo</span> <span class='ocrx_word' id='word_1_247' title='bbox 1146 3294 1181 3352; x_wconf 89' lang='lat' dir='ltr'>et</span> <span class='ocrx_word' id='word_1_248' title='bbox 1202 3287 1360 3368; x_wconf 88' lang='lat' dir='ltr'>vehendo,</span> 
     </span>
     <span class='ocr_line' id='line_1_30' title="bbox 181 3386 1360 3473; baseline -0.001 -20"><span class='ocrx_word' id='word_1_249' title='bbox 181 3393 216 3454; x_wconf 91' lang='lat' dir='ltr'>et</span> <span class='ocrx_word' id='word_1_250' title='bbox 236 3395 317 3470; x_wconf 88' lang='lat' dir='ltr'>potu</span> <span class='ocrx_word' id='word_1_251' title='bbox 340 3389 522 3470; x_wconf 88' lang='lat' dir='ltr'>balneoque</span> <span class='ocrx_word' id='word_1_252' title='bbox 545 3409 650 3473; x_wconf 85' lang='lat' dir='ltr'>egere.</span> <span class='ocrx_word' id='word_1_253' title='bbox 706 3390 825 3470; x_wconf 87' lang='lat' dir='ltr'>ltaque</span> <span class='ocrx_word' id='word_1_254' title='bbox 854 3408 927 3454; x_wconf 90' lang='lat' dir='ltr'>oum</span> <span class='ocrx_word' id='word_1_255' title='bbox 956 3389 990 3453; x_wconf 94' lang='lat' dir='ltr'>in</span> <span class='ocrx_word' id='word_1_256' title='bbox 1021 3407 1175 3454; x_wconf 88' lang='lat' dir='ltr'>oceanum</span> <span class='ocrx_word' id='word_1_257' title='bbox 1203 3387 1283 3468; x_wconf 90' lang='lat' dir='ltr'>abit,</span> <span class='ocrx_word' id='word_1_258' title='bbox 1312 3386 1360 3452; x_wconf 91' lang='lat' dir='ltr'>la·</span> 
     </span>
     <span class='ocr_line' id='line_1_31' title="bbox 181 3489 1360 3573; baseline -0.003 -17"><span class='ocrx_word' id='word_1_259' title='bbox 181 3495 289 3556; x_wconf 84' lang='lat' dir='ltr'>vando</span> <span class='ocrx_word' id='word_1_260' title='bbox 312 3497 347 3556; x_wconf 92' lang='lat' dir='ltr'>et</span> <span class='ocrx_word' id='word_1_261' title='bbox 362 3494 503 3573; x_wconf 90' lang='lat' dir='ltr'>potando</span> <span class='ocrx_word' id='word_1_262' title='bbox 525 3499 705 3558; x_wconf 87' lang='lat' dir='ltr'>recreatur.</span> <span class='ocrx_word' id='word_1_263' title='bbox 748 3492 820 3556; x_wconf 87' lang='lat' dir='ltr'>Hoc</span> <span class='ocrx_word' id='word_1_264' title='bbox 835 3491 989 3556; x_wconf 86' lang='lat' dir='ltr'>dixerunt</span> <span class='ocrx_word' id='word_1_265' title='bbox 1005 3491 1105 3556; x_wconf 84' lang='lat' dir='ltr'>Silius</span> <span class='ocrx_word' id='word_1_266' title='bbox 1127 3489 1201 3555; x_wconf 90' lang='grc'><strong>1551.</strong></span> <span class='ocrx_word' id='word_1_267' title='bbox 1216 3489 1282 3554; x_wconf 89' lang='lat' dir='ltr'>VH</span> <span class='ocrx_word' id='word_1_268' title='bbox 1297 3490 1360 3554; x_wconf 83' lang='lat'>639</span> 
     </span>
    </p>
   </div>
   <div class='ocr_carea' id='block_1_3' title="bbox 182 3727 1361 4399">
    <p class='ocr_par' dir='ltr' id='par_1_6' title="bbox 182 3727 1361 3883">
     <span class='ocr_line' id='line_1_32' title="bbox 269 3727 1361 3797; baseline -0.003 -12"><span class='ocrx_word' id='word_1_269' title='bbox 269 3729 288 3797; x_wconf 87' lang='lat'>¹)</span> <span class='ocrx_word' id='word_1_270' title='bbox 307 3731 390 3785; x_wconf 88' lang='lat' dir='ltr'>Vide:</span> <span class='ocrx_word' id='word_1_271' title='bbox 410 3731 602 3786; x_wconf 88' lang='lat' dir='ltr'>Wunderer</span> <span class='ocrx_word' id='word_1_272' title='bbox 629 3731 720 3786; x_wconf 84' lang='lat' dir='ltr'>Ovid’a</span> <span class='ocrx_word' id='word_1_273' title='bbox 739 3730 832 3786; x_wconf 83' lang='lat' dir='ltr'>Werlce</span> <span class='ocrx_word' id='word_1_274' title='bbox 849 3730 881 3783; x_wconf 83' lang='lat' dir='ltr'>iu</span> <span class='ocrx_word' id='word_1_275' title='bbox 901 3729 989 3784; x_wconf 82' lang='lat' dir='ltr'>ibrem</span> <span class='ocrx_word' id='word_1_276' title='bbox 1006 3728 1163 3785; x_wconf 79' lang='lat' dir='ltr'>Verbiiltuia</span> <span class='ocrx_word' id='word_1_277' title='bbox 1180 3745 1232 3781; x_wconf 79' lang='lat' dir='ltr'>zur</span> <span class='ocrx_word' id='word_1_278' title='bbox 1248 3727 1361 3782; x_wconf 78' lang='lat' dir='ltr'>antidea</span> 
     </span>
     <span class='ocr_line' id='line_1_33' title="bbox 182 3815 379 3883; baseline 0.005 -15"><span class='ocrx_word' id='word_1_279' title='bbox 182 3815 276 3869; x_wconf 83' lang='lat' dir='ltr'>Knnst</span> <span class='ocrx_word' id='word_1_280' title='bbox 292 3832 318 3883; x_wconf 91' lang='lat' dir='ltr'>p.</span> <span class='ocrx_word' id='word_1_281' title='bbox 337 3816 379 3869; x_wconf 84' lang='lat'>39.</span> 
     </span>
    </p>

    <p class='ocr_par' dir='ltr' id='par_1_7' title="bbox 269 3901 1303 3970">
     <span class='ocr_line' id='line_1_34' title="bbox 269 3901 1303 3970; baseline -0.001 -15"><span class='ocrx_word' id='word_1_282' title='bbox 269 3903 290 3970; x_wconf 80' lang='lat'>²)</span> <span class='ocrx_word' id='word_1_283' title='bbox 309 3903 405 3957; x_wconf 86' lang='lat' dir='ltr'>Lunae</span> <span class='ocrx_word' id='word_1_284' title='bbox 423 3910 452 3958; x_wconf 90' lang='lat' dir='ltr'>et</span> <span class='ocrx_word' id='word_1_285' title='bbox 470 3903 557 3958; x_wconf 86' lang='lat' dir='ltr'>stellis</span> <span class='ocrx_word' id='word_1_286' title='bbox 575 3904 602 3957; x_wconf 93' lang='lat' dir='ltr'>in</span> <span class='ocrx_word' id='word_1_287' title='bbox 621 3904 780 3959; x_wconf 85' lang='lat' dir='ltr'>universnm</span> <span class='ocrx_word' id='word_1_288' title='bbox 799 3904 856 3957; x_wconf 88' lang='lat' dir='ltr'>alas</span> <span class='ocrx_word' id='word_1_289' title='bbox 875 3903 973 3958; x_wconf 87' lang='lat' dir='ltr'>tribuit</span> <span class='ocrx_word' id='word_1_290' title='bbox 990 3902 1118 3956; x_wconf 84' lang='lat' dir='ltr'>Manilius</span> <span class='ocrx_word' id='word_1_291' title='bbox 1135 3903 1149 3955; x_wconf 96' lang='grc' dir='ltr'>Ι</span> <span class='ocrx_word' id='word_1_292' title='bbox 1167 3901 1226 3967; x_wconf 82' lang='grc'><strong>226,</strong></span> <span class='ocrx_word' id='word_1_293' title='bbox 1244 3901 1303 3954; x_wconf 90' lang='grc'><strong>200.</strong></span> 
     </span>
    </p>

    <p class='ocr_par' dir='ltr' id='par_1_8' title="bbox 182 3987 1360 4227">
     <span class='ocr_line' id='line_1_35' title="bbox 269 3987 1360 4056; baseline -0.002 -14"><span class='ocrx_word' id='word_1_294' title='bbox 269 3987 289 4056; x_wconf 75' lang='lat'>⁸)</span> <span class='ocrx_word' id='word_1_295' title='bbox 308 3987 383 4053; x_wconf 78' lang='lat' dir='ltr'>Quae</span> <span class='ocrx_word' id='word_1_296' title='bbox 401 4005 461 4043; x_wconf 89' lang='lat' dir='ltr'>raro</span> <span class='ocrx_word' id='word_1_297' title='bbox 479 3990 636 4043; x_wconf 90' lang='lat' dir='ltr'>laudantur.</span> <span class='ocrx_word' id='word_1_298' title='bbox 672 3989 757 4043; x_wconf 86' lang='lat' dir='ltr'>Pedes</span> <span class='ocrx_word' id='word_1_299' title='bbox 781 3997 927 4043; x_wconf 86' lang='lat' dir='ltr'>occurrunt</span> <span class='ocrx_word' id='word_1_300' title='bbox 941 3989 1013 4056; x_wconf 90' lang='lat' dir='ltr'>apud</span> <span class='ocrx_word' id='word_1_301' title='bbox 1025 3988 1151 4042; x_wconf 86' lang='lat' dir='ltr'>Senecam</span> <span class='ocrx_word' id='word_1_302' title='bbox 1170 3988 1227 4041; x_wconf 91' lang='grc'><strong>1555</strong></span> <span class='ocrx_word' id='word_1_303' title='bbox 1244 4004 1308 4056; x_wconf 84' lang='lat' dir='ltr'>pag.</span> <span class='ocrx_word' id='word_1_304' title='bbox 1326 3987 1360 4040; x_wconf 84' lang='grc'><strong>21</strong></span> 
     </span>
     <span class='ocr_line' id='line_1_36' title="bbox 182 4072 1360 4142; baseline 0.001 -16"><span class='ocrx_word' id='word_1_305' title='bbox 182 4072 308 4141; x_wconf 88' lang='lat' dir='ltr'>laudato;</span> <span class='ocrx_word' id='word_1_306' title='bbox 324 4074 488 4142; x_wconf 80' lang='lat' dir='ltr'>praecordia</span> <span class='ocrx_word' id='word_1_307' title='bbox 505 4074 587 4129; x_wconf 86' lang='lat' dir='ltr'>lectio</span> <span class='ocrx_word' id='word_1_308' title='bbox 605 4074 634 4129; x_wconf 91' lang='lat' dir='ltr'>in</span> <span class='ocrx_word' id='word_1_309' title='bbox 653 4075 770 4130; x_wconf 88' lang='lat' dir='ltr'>Licentii</span> <span class='ocrx_word' id='word_1_310' title='bbox 788 4075 906 4129; x_wconf 87' lang='lat' dir='ltr'>carmine</span> <span class='ocrx_word' id='word_1_311' title='bbox 924 4074 959 4128; x_wconf 90' lang='lat' dir='ltr'>ad</span> <span class='ocrx_word' id='word_1_312' title='bbox 972 4075 1044 4142; x_wconf 84' lang='lat' dir='ltr'>Aug.</span> <span class='ocrx_word' id='word_1_313' title='bbox 1063 4089 1089 4131; x_wconf 82' lang='lat' dir='ltr'>v.</span> <span class='ocrx_word' id='word_1_314' title='bbox 1101 4073 1135 4124; x_wconf 82' lang='grc'>45</span> <span class='ocrx_word' id='word_1_315' title='bbox 1152 4088 1206 4127; x_wconf 88' lang='grc'>555</span> <span class='ocrx_word' id='word_1_316' title='bbox 1218 4079 1293 4127; x_wconf 86' lang='grc'><strong>55555</strong></span> <span class='ocrx_word' id='word_1_317' title='bbox 1311 4077 1360 4127; x_wconf 88' lang='lat' dir='ltr'>est.</span> 
     </span>
     <span class='ocr_line' id='line_1_37' title="bbox 184 4159 422 4227; baseline 0.008 -15"><span class='ocrx_word' id='word_1_318' title='bbox 184 4173 209 4213; x_wconf 86' lang='lat' dir='ltr'>v.</span> <span class='ocrx_word' id='word_1_319' title='bbox 228 4159 301 4212; x_wconf 79' lang='lat' dir='ltr'>PRF</span> <span class='ocrx_word' id='word_1_320' title='bbox 319 4176 344 4227; x_wconf 91' lang='lat' dir='ltr'>p.</span> <span class='ocrx_word' id='word_1_321' title='bbox 364 4159 422 4214; x_wconf 77' lang='lat'>415.</span> 
     </span>
    </p>

    <p class='ocr_par' dir='ltr' id='par_1_9' title="bbox 183 4242 1361 4399">
     <span class='ocr_line' id='line_1_38' title="bbox 268 4242 1360 4313; baseline -0.001 -15"><span class='ocrx_word' id='word_1_322' title='bbox 268 4245 290 4310; x_wconf 79' lang='lat'>⁴)</span> <span class='ocrx_word' id='word_1_323' title='bbox 309 4245 386 4299; x_wconf 86' lang='lat' dir='ltr'>Locis</span> <span class='ocrx_word' id='word_1_324' title='bbox 402 4246 503 4313; x_wconf 86' lang='lat' dir='ltr'>passim</span> <span class='ocrx_word' id='word_1_325' title='bbox 517 4245 608 4299; x_wconf 87' lang='lat' dir='ltr'>allatis</span> <span class='ocrx_word' id='word_1_326' title='bbox 626 4245 723 4298; x_wconf 87' lang='lat' dir='ltr'>eddam</span> <span class='ocrx_word' id='word_1_327' title='bbox 737 4245 895 4299; x_wconf 84' lang='lat' dir='ltr'>Gerhard</span> <span class='ocrx_word' id='word_1_328' title='bbox 914 4242 1014 4298; x_wconf 82' lang='lat' dir='ltr'>Antike</span> <span class='ocrx_word' id='word_1_329' title='bbox 1035 4243 1186 4298; x_wconf 78' lang='lat' dir='ltr'>Bildwcricc</span> <span class='ocrx_word' id='word_1_330' title='bbox 1203 4261 1229 4312; x_wconf 91' lang='lat' dir='ltr'>p.</span> <span class='ocrx_word' id='word_1_331' title='bbox 1242 4243 1360 4299; x_wconf 84' lang='grc'><strong>279551).</strong></span> 
     </span>
     <span class='ocr_line' id='line_1_39' title="bbox 183 4328 1361 4399; baseline -0.003 -15"><span class='ocrx_word' id='word_1_332' title='bbox 183 4331 310 4399; x_wconf 84' lang='lat' dir='ltr'>XXXVI,</span> <span class='ocrx_word' id='word_1_333' title='bbox 330 4348 355 4398; x_wconf 93' lang='lat' dir='ltr'>p.</span> <span class='ocrx_word' id='word_1_334' title='bbox 375 4331 426 4385; x_wconf 85' lang='grc'>283</span> <span class='ocrx_word' id='word_1_335' title='bbox 443 4331 499 4386; x_wconf 90' lang='lat' dir='ltr'>tab.</span> <span class='ocrx_word' id='word_1_336' title='bbox 519 4331 731 4399; x_wconf 80' lang='lat' dir='ltr'>XXXVII13F.</span> <span class='ocrx_word' id='word_1_337' title='bbox 750 4328 910 4385; x_wconf 85' lang='lat' dir='ltr'>Wel&#39;eker</span> <span class='ocrx_word' id='word_1_338' title='bbox 928 4331 997 4385; x_wconf 86' lang='lat' dir='ltr'>ltine.</span> <span class='ocrx_word' id='word_1_339' title='bbox 1014 4330 1101 4384; x_wconf 89' lang='lat' dir='ltr'>Rhen.</span> <span class='ocrx_word' id='word_1_340' title='bbox 1118 4329 1158 4384; x_wconf 92' lang='lat' dir='ltr'>VI</span> <span class='ocrx_word' id='word_1_341' title='bbox 1174 4329 1224 4383; x_wconf 84' lang='grc'>581</span> <span class='ocrx_word' id='word_1_342' title='bbox 1238 4329 1300 4383; x_wconf 86' lang='lat' dir='ltr'>adn.</span> <span class='ocrx_word' id='word_1_343' title='bbox 1319 4329 1361 4381; x_wconf 87' lang='grc'>15.</span> 
     </span>
    </p>
   </div>
   <div class='ocr_carea' id='block_1_4' title="bbox 0 0 1653 4964">
    <p class='ocr_par' dir='ltr' id='par_1_10' title="bbox 0 0 1653 4964">
     <span class='ocr_line' id='line_1_40' title="bbox 0 0 1653 4964; baseline 0 0"><span class='ocrx_word' id='word_1_344' title='bbox 0 0 1653 4964; x_wconf 95' lang='lat' dir='ltr'> </span> 
     </span>
    </p>
   </div>
  </div>
 </body>
</html>
