3292 4958
284 368 347 433 134
734 366 885 420 Guilelmus
903 365 1009 419 Gundel
1405 363 1460 451 [42

283 537 432 618 petitum.
476 538 510 602 ls
539 541 655 603 auctor
685 536 719 600 in
743 536 907 616 Apollonii
938 536 1064 616 Tyanei
1092 537 1165 601 vita
1196 536 1243 600 IV
1268 539 1308 602 10
1337 541 1460 619 narrat,

281 642 435 721 quomodo
460 639 652 720 Apollonius
672 638 831 719 Ephesios
855 643 946 719 peste
968 639 1134 705 liberavit.
1178 639 1279 703 Iussit
1303 639 1389 704 enim
1406 657 1460 705 eos

280 762 391 808 senem
414 745 574 822 quendam
602 741 768 823 lapidibus
794 743 941 821 obruere,
972 743 1056 822 quod
1078 741 1137 823 illi,
1160 746 1332 822 postquam
1357 760 1374 807 e
1397 741 1459 807 ful·

281 864 359 927 gere
369 846 532 910 oculorum
546 846 735 909 daemonem
747 848 978 924 cognoverunt,
993 843 1116 909 fecere:
1130 841 1289 905 διαλιπὼν
1304 841 1339 906 δὲ
1354 840 1462 926 ὀλίγον

281 944 442 1010 ἐκέλευσεν
458 945 587 1029 ἀφελεῖν
601 945 675 1020 τοὺς
686 944 810 1021 λίθους,
826 945 880 1007 καὶ
895 944 930 1008 τὸ
943 947 1065 1030 θηρίον,
1081 944 1317 1024 dememorant,
1333 957 1459 1027 γνῶναι.

282 1051 503 1132 γυμνωθέντος
522 1041 575 1110 οὖν
593 1059 649 1111 τοῦ
663 1047 841 1131 βεβλῆσθαι
863 1047 1028 1124 δοκοῦντος
1051 1047 1067 1111 ὁ
1090 1047 1147 1128 μὲν
1168 1047 1333 1132 ἠφάνιστο,
1355 1049 1461 1111 κύων

282 1150 317 1213 δὲ
338 1149 374 1213 τὸ
403 1150 460 1231 μὲν
483 1144 567 1226 εἶδος
592 1149 704 1231 ὅμοιος
731 1160 775 1232 τῷ
807 1148 841 1213 ἐκ
863 1150 1040 1232 Μολοττῶν,
1070 1153 1211 1232 μέγεθος
1234 1149 1269 1213 δὲ
1298 1149 1379 1213 κατὰ
1406 1149 1462 1213 τὸν

281 1259 430 1335 μέγιστον
452 1253 563 1316 λέοντα
582 1255 838 1334 ξοντοτριμμένος
861 1255 958 1337 ὤφθη
980 1251 1044 1315 ὑπὸ
1067 1264 1131 1314 τῶν
1153 1252 1257 1315 λίθων
1278 1252 1334 1315 καὶ
1356 1273 1461 1337 παρα-

282 1358 391 1419 νττύων
413 1354 522 1440 ἀφρὸν
544 1357 655 1440 ὥσπερ
679 1355 710 1418 ολ
730 1355 905 1430 λυττῶντες.

366 1461 487 1524 Postea
510 1478 587 1525 vero
610 1464 726 1540 gentes
750 1463 974 1540 cognoverunt
997 1459 1122 1523 rabiem
1146 1458 1295 1523 caninam
1319 1461 1461 1539 pendere

281 1582 299 1627 e
314 1562 400 1627 Sirio
417 1561 593 1627 exoriente.
638 1562 710 1626 Non
726 1561 824 1626 aliter
841 1560 1041 1643 cogitatione
1057 1562 1091 1625 id
1115 1560 1285 1640 concipere
1306 1568 1462 1642 poterant

281 1664 396 1745 prisci,
430 1664 494 1729 uisi
528 1670 565 1728 ut
598 1665 713 1728 stellae
748 1665 935 1728 daemonem
969 1663 1004 1727 in
1037 1668 1160 1728 terram
1198 1665 1396 1728 descendere
1428 1667 1462 1728 et

280 1767 427 1848 singulos
450 1785 547 1831 canes
568 1765 725 1831 invadere
748 1765 811 1831 sibi
833 1767 1005 1846 fingerent.
1057 1764 1127 1846 Quo
1155 1766 1264 1846 fiebat,
1295 1770 1333 1829 ut
1355 1765 1461 1845 ipsum

280 1868 371 1932 illum
394 1870 580 1932 daemonem
603 1870 663 1932 sub
686 1869 794 1949 specie
817 1869 909 1932 canis
932 1867 1041 1932 rabidi
1057 1868 1203 1950 cogitare
1227 1874 1461 1933 assuescerent.

281 1970 391 2050 Atque
411 1970 506 2034 huius
527 1969 618 2035 canis
641 1968 792 2051 furorem,
816 1970 871 2048 qui
887 1969 1032 2035 homines
1049 1989 1175 2051 quoque
1192 1970 1459 2051 aggrediebatur,

281 2091 369 2137 more
385 2091 442 2137 suo
458 2091 517 2153 per
533 2071 728 2136 sacrificium
744 2073 875 2152 placare
891 2073 1077 2137 studebant.
1111 2073 1224 2152 Neque
1240 2081 1313 2136 erat
1328 2071 1461 2137 difficile

281 2175 403 2239 iustam
426 2175 592 2239 victimam
616 2175 775 2239 inuenire.
821 2173 950 2254 Optime
974 2175 1059 2239 enim
1081 2180 1190 2240 monet
1213 2175 1347 2241 Servius
1364 2177 1461 2258 Verg.

282 2278 400 2359 Georg.
430 2277 464 2341 ΙΙ
490 2277 568 2342 38οε
600 2277 739 2339 victimae
767 2277 949 2340 carminibus
978 2282 1033 2340 oct
1057 2297 1117 2358 per
1141 2276 1377 2340 similitudinem
1406 2282 1462 2340 arnt

277 2400 336 2461 per
371 2381 615 2443 contrarietatem
648 2381 859 2443 innectantur.
919 2382 1030 2459 Atque
1063 2381 1182 2446 stellae
1219 2381 1366 2446 aestivae
1403 2399 1463 2460 per

281 2482 530 2548 similitudinem
546 2482 710 2548 sacrificia
725 2483 931 2565 deligebant;
955 2502 1037 2562 quae
1057 2482 1238 2548 similitudo
1254 2486 1335 2549 adeo
1351 2502 1460 2548 serua-

280 2587 388 2667 batur,
410 2592 448 2650 ut
470 2586 591 2650 rutilae
614 2587 679 2650 luci
707 2586 830 2650 rutilae
860 2587 986 2650 hostiae
1017 2587 1259 2665 responderent.
1312 2586 1382 2650 lam
1413 2585 1462 2650 in·

280 2688 475 2770 tellegimus,
498 2708 556 2753 cur
578 2688 730 2752 caninam
753 2689 891 2768 speciem
917 2688 993 2752 lmic
1014 2689 1132 2752 stellae
1149 2687 1301 2753 dederint
1315 2687 1462 2754 Romani.

280 2789 394 2869 Neque
418 2793 503 2869 quod
525 2790 714 2854 femininum
738 2808 842 2871 genus
870 2790 1048 2855 masculino
1071 2791 1317 2873 praetulerunt,
1346 2791 1461 2856 mirum

281 2897 341 2956 est.
392 2891 475 2956 Nam
504 2891 642 2956 Romani
671 2892 813 2957 furorem
840 2892 988 2972 inprimis
1019 2911 1134 2957 canrun
1165 2891 1361 2958 senrinarum
1392 2911 1463 2958 esse

281 2994 456 3075 putabant,
479 2994 613 3057 adducti
634 2994 775 3059 fortasse
805 2994 906 3076 rabie,
935 3014 999 3074 qua
1029 2994 1120 3059 canis
1149 2995 1219 3060 feta
1249 2996 1376 3060 catulos
1408 2997 1462 3060 de·

281 3095 415 3160 feudare
437 3095 528 3160 solet.
573 3096 776 3161 Testimonia
800 3096 965 3178 congessit
988 3098 1026 3161 A.
1043 3097 1143 3163 Otto
1164 3095 1226 3159 Dr'c
1242 3096 1464 3178 Sprr'cbrodrtcr

281 3197 338 3259 der
359 3196 474 3259 Rdmer
495 3217 525 3277 p.
547 3199 598 3262 69.
643 3197 768 3279 Quibus
791 3200 910 3263 addam
932 3200 1042 3265 Plaut.
1067 3199 1159 3280 Capi..
1182 3201 1260 3264 485:
1294 3220 1333 3262 ννο
1354 3219 1460 3262 ranem

281 3298 403 3380 qnidam
426 3301 584 3362 irritatam
610 3301 705 3364 retroit
731 3303 894 3382 qnisquam
923 3303 1087 3364 imitarier.
1139 3302 1301 3367 Romanos
1331 3302 1461 3367 stellam

283 3403 432 3468 caninam
456 3423 514 3484 pro
537 3402 659 3469 femina
681 3405 835 3470 habuisse
858 3404 924 3470 iam
948 3423 989 3469 ex
1004 3424 1041 3469 eo
1065 3412 1212 3486 apparet,
1235 3407 1320 3484 quod
1343 3404 1462 3470 rutilas

282 3525 380 3572 canes
405 3506 663 3572 immolauerunt.
707 3507 772 3589 Qui
796 3507 913 3573 stellae
936 3526 1032 3572 sexus
1055 3526 1118 3572 non
1142 3507 1275 3572 auribus
1304 3504 1461 3587 percipie·

180 3595 185 3606 ’
281 3610 387 3691 batur,
408 3609 465 3674 ubi
488 3611 528 3674 de
551 3627 631 3673 cane
654 3610 888 3688 loquebantur:
919 3611 981 3674 hac
1011 3610 1154 3675 fortasse
1182 3629 1219 3674 re
1242 3607 1376 3674 adducti
1406 3609 1461 3672 de-

281 3711 476 3777 minutivam
507 3711 642 3775 formam
676 3713 905 3791 praetulerunt
938 3711 1156 3793 dixeruntque
1186 3709 1461 3793 caniculam.¹)

371 3916 388 3983 ¹)
407 3917 464 3968 Iam
491 3931 507 3968 a
526 3914 619 3968 Seruio
637 3916 720 3983 Verg.
746 3915 812 3968 Aen.
831 3915 857 3968 X
874 3915 925 3967 273
949 3916 1029 3969 stelle
1056 3916 1154 3970 canina
1171 3932 1232 3970 cum
1256 3915 1369 3969 animali
1392 3931 1462 3969 com·

281 4008 395 4068 paratur
413 4007 440 4054 et
458 4000 568 4066 utrique
586 4007 686 4054 natura
710 4000 793 4068 ignea
817 4000 1003 4070 adiudicatur‚
1028 4017 1097 4068 quae
1121 4017 1220 4067 aquam
1244 4000 1374 4069 refugiat.
1410 4001 1462 4055 Re·

281 4085 430 4138 centiornm
450 4086 477 4138 C.
491 4085 521 4139 Ο.
534 4085 664 4140 muller
677 4084 793 4153 (Prolcp.
806 4102 841 4138 rm
853 4086 927 4138 cirrcr
938 4085 1090 4141 roissecscb.
1104 4085 1221 4155 Mptbol.
1235 4103 1261 4154 p.
1272 4086 1332 4154 195)
1345 4086 1462 4140 similem

281 4169 355 4222 viam
373 4169 512 4238 ingressus
530 4169 615 4224 dixit:
639 4170 702 4223 Dae
722 4170 800 4235 thr,
824 4171 932 4224 rrelcbes
958 4171 1002 4224 dic
1019 4170 1203 4240 Eirr-wirlrrmp
1227 4171 1272 4224 des
1295 4171 1389 4236 beiden
1410 4170 1462 4224 Ge·

279 4254 367 4308 stirne
378 4270 424 4306 αννν
436 4253 547 4308 rneistcu
562 4254 714 4323 cmpfiodet‚
733 4255 825 4310 loerrde
838 4256 891 4310 rou
902 4256 959 4310 ihm
972 4256 1053 4311 selbst
1069 4256 1100 4309 ν’νν
1112 4255 1263 4310 λὶτνάλίσλτν
1275 4255 1463 4324 Anaclrarmny

280 4338 483 4394 ocrsclrmolzrn.
