3292 4958
287 365 349 430 148
737 360 887 415 Guilelmus
904 359 1012 415 Gundel
1409 360 1465 447 [56
1521 335 1525 344 ¹

286 535 362 599 114
385 534 426 615 (p.
449 533 553 617 35B):
580 532 689 594 dicuat
710 531 848 608 Icarara,
872 551 941 593 catur
963 551 984 592 a
1005 530 1114 593 labero
1132 535 1223 612 patre
1244 532 1351 594 olnam
1380 552 1465 595 acee-
1552 528 1554 533 ’

282 639 386 719 ploret,
396 637 501 699 statiua
512 639 596 698 atres
608 635 715 714 pleaos
725 635 760 696 la
766 634 909 714 plaustro
919 634 1117 714 imposuisse:
1131 633 1188 696 hac
1198 653 1233 696 re
1245 635 1336 696 alam
1343 634 1466 698 Booten

285 740 507 821 appellatam.¹)
552 737 734 803 Secundum
765 736 847 801 alios
870 741 980 800 autem
1003 736 1101 818 (Hyg.
1124 735 1167 800 ib.
1183 755 1212 816 p.
1229 737 1270 801 38
1279 737 1319 821 B)
1342 737 1464 803 Bootes

286 842 484 907 Philomelus
507 840 638 920 quidam
662 842 743 922 erat,
767 838 895 903 Cereris
918 843 952 903 et
974 838 1100 903 Iasonis
1125 838 1221 920 filius,
1250 858 1344 919 quem
1367 844 1464 920 puta·

286 945 367 1010 bant
389 944 472 1006 boues
492 943 569 1005 daos
591 942 700 1006 eruisse
720 945 748 1003 et
770 942 873 1021 lpsara
901 942 1040 1022 priimam
1066 942 1246 1020 plaustrum
1274 941 1464 1021 fabricatam

286 1066 355 1110 esse.
384 1045 494 1126 Itapac
508 1044 629 1108 araarlo
651 1048 680 1106 et
693 1043 816 1108 comaclo
832 1063 923 1124 apros
936 1063 973 1106 ea
988 1062 1020 1106 eo
1035 1062 1067 1105 se
1085 1044 1207 1121 aluisse,
1231 1045 1320 1106 cellas
1335 1049 1463 1108 matrem

285 1150 409 1211 labaala
431 1149 591 1230 miratam,
620 1151 656 1209 at
677 1146 854 1231 araalcra²)
884 1166 953 1209 carra
982 1147 1064 1209 later
1092 1146 1195 1209 sidera
1217 1148 1407 1210 constituisse
1435 1151 1465 1210 et

286 1251 405 1314 Boolea
436 1250 611 1331 appellasse.
674 1249 767 1330 Quae
801 1248 1036 1330 explicationes
1076 1268 1139 1313 non
1178 1250 1280 1314 solum
1314 1255 1463 1315 veterum

286 1358 455 1434 poetarum
477 1352 608 1418 fabulas
631 1354 688 1417 sed
712 1352 814 1416 ettam
835 1351 1053 1432 posteriorum
1084 1352 1228 1416 studium
1251 1352 1385 1432 sapiunt
1415 1371 1465 1418 se·

287 1458 426 1521 cundum
448 1455 607 1521 rationem
630 1454 737 1519 omnia
761 1453 956 1534 explicandi.

371 1557 585 1640 Intellegitur
608 1576 649 1622 ex
675 1557 727 1622 his
751 1555 879 1637 fabulis
910 1557 1065 1638 quomodo
1088 1555 1212 1621 factum
1235 1556 1290 1638 sit,
1319 1560 1356 1620 ut
1385 1574 1463 1620 non-

286 1661 369 1726 nulli
398 1661 618 1726 Romunorum
648 1665 766 1740 poetae
796 1660 939 1725 Graecos
968 1659 1125 1725 videlicet
1154 1658 1258 1724 secuti
1286 1660 1464 1724 Arcturum

285 1767 453 1842 tamquam
476 1762 636 1826 hominem
660 1761 871 1842 depinxerint
898 1761 986 1826 inter
1017 1766 1108 1826 astra
1138 1763 1319 1843 degentem.
1370 1761 1464 1842 Quod

286 1865 434 1945 inprimis
457 1865 596 1929 Plautus
618 1861 699 1928 feeit
721 1863 755 1927 in
778 1863 940 1928 Rudentis
962 1865 1104 1945 prologo,
1133 1863 1190 1929 ubi
1213 1865 1348 1942 loquens
1370 1862 1464 1929 Indu·

287 1967 373 2031 citur
394 1968 565 2047 Arcturus
588 1965 679 2030 cuius
702 1967 807 2030 verba
827 1965 916 2030 infra
938 1965 972 2029 in
995 1967 1104 2047 capite
1130 1965 1230 2031 tertio
1252 1964 1356 2031 fusius
1377 1970 1465 2031 trae·

286 2070 374 2134 tabo.
418 2068 576 2133 Fortasse
598 2067 654 2148 qui
675 2067 722 2131 ibi
744 2069 921 2132 Arcturum
944 2069 1066 2150 agebat
1080 2069 1198 2134 histrio
1220 2069 1354 2134 bubulci
1376 2087 1467 2134 more

285 2171 420 2235 indutus
444 2175 525 2252 erat,
555 2170 653 2249 quale
675 2170 766 2234 sidus
796 2169 986 2250 depingitur
1017 2171 1052 2235 in
1082 2171 1245 2236 codicibus
1276 2170 1465 2236 Germanici

286 2273 451 2355 (Thiele
472 2273 536 2338 1..1.
557 2292 586 2353 p.
603 2271 657 2356 96)
681 2279 715 2338 et
739 2273 834 2352 quale
857 2272 1057 2338 describitur
1079 2274 1143 2338 iam
1166 2275 1209 2340 ab
1224 2273 1328 2339 Arato
1345 2292 1390 2340 vs.
1407 2274 1465 2338 91:

679 2461 804 2475 .....
828 2411 962 2493 φέρεται
983 2408 1105 2473 ilduara
1129 2404 1239 2485 ἐοικώς

435 2510 655 2596 Ἅρκτοφύλαξ,
676 2510 729 2574 τὸν
751 2510 780 2596 ῥ’
793 2509 904 2595 ἄνδρες
927 2509 1125 2575 ἐπικλείουσι
1146 2515 1286 2596 Βοώτην.

371 2648 521 2714 Hominis
550 2648 657 2714 instar
686 2650 862 2713 bubulcum
891 2647 1007 2715 virere
1036 2669 1075 2715 ac
1113 2648 1210 2715 citius
1245 2654 1303 2714 aut
1333 2650 1466 2715 tardius

285 2750 408 2816 moveri
432 2756 601 2830 poetarum
624 2751 713 2815 locus
735 2750 910 2814 eommunis
933 2756 992 2832 est,
1015 2752 1129 2817 videas
1153 2751 1211 2817 Or.
1234 2753 1311 2816 Met.
1334 2751 1369 2815 II
1386 2753 1464 2832 176;

286 2851 628 2932 spelunculam,
658 2852 692 2915 Χ
714 2853 792 2932 328;
823 2851 934 2916 Claud.
965 2853 1097 2918 XXXV
1121 2855 1191 2920 190.
1235 2854 1357 2919 simius
1379 2853 1464 2920 ratio

285 2953 373 3018 inest
395 2953 429 3017 in
452 2952 617 3035 epithetis,
645 2954 763 3034 quibus
786 2958 921 3019 ornatur
943 2955 1061 3021 Bootes
1091 2976 1111 3021 a
1133 2957 1327 3022 Latinorum
1349 2957 1465 3040 poetis,

287 3075 372 3136 quae
386 3055 516 3138 longine
531 3055 696 3136 explicare
713 3075 792 3136 opus
805 3075 868 3120 non
882 3056 961 3122 erit:
985 3059 1143 3124 arduus
1159 3059 1266 3124 Germ.
1278 3059 1373 3124 Arat.
1384 3060 1466 3140 5963

285 3157 403 3225 Avien.
418 3158 453 3223 II
469 3157 548 3238 260;
570 3158 722 3241 iugens
738 3159 854 3226 livien.
865 3160 900 3224 II
913 3160 1009 3241 1303;
1025 3161 1167 3226 iratus
1187 3161 1298 3226 Claud.
1314 3161 1465 3225 XXXVI

286 3262 364 3342 2253
383 3261 506 3344 piger
522 3261 580 3328 Ov.
596 3261 686 3326 Fast.
701 3262 754 3327 III
770 3262 848 3343 4053
867 3263 980 3329 Iuven-
997 3264 1095 3346 V233
1112 3263 1223 3329 Claud.
1239 3264 1370 3328 XXXV
1387 3264 1465 3344 190;

285 3364 482 3445 placidus
506 3364 603 3429 Mart.
625 3363 707 3430 VIII
730 3367 779 3447 21,
803 3366 838 3446 33
862 3366 1117 3445 rapidusAv.
1140 3367 1193 3431 III
1213 3368 1290 3446 189;
1317 3366 1466 3448 rigens

284 3467 407 3550 frigore
424 3469 535 3532 arctoo
548 3466 661 3541 Octav.
678 3469 756 3548 2343
780 3487 899 3534 serus
921 3469 1016 3549 Prop.
1032 3470 1080 3534 IV
1095 3470 1124 3552 5,
1141 3470 1197 3550 353
1220 3470 1372 3533 tardus
1396 3469 1464 3533 Cat.

284 3569 396 3635 LXVI
419 3571 476 3650 673
500 3570 607 3635 Germ.
623 3573 716 3636 Arat.
736 3571 814 3652 139;
837 3571 985 3638 001233
1002 3573 1058 3653 al.;
1081 3573 1205 3638 velox
1226 3572 1305 3636 Luo.
1323 3571 1377 3635 III
1392 3571 1464 3636 252.

284 3693 489 3702 ———--

375 3740 393 3804 ¹)
411 3740 472 3792 Huc
495 3738 644 3806 respiciunt
667 3739 849 3792 Romanorum
879 3746 975 3807 poetae
1004 3756 1064 3794 oum
1087 3742 1192 3795 Booten
1217 3740 1351 3794 certiorem
1373 3739 1465 3807 (Mart.

285 3825 349 3893 cap.
362 3824 443 3893 1198)
454 3824 596 3878 veleeaeac
607 3823 676 3891 (Son.
686 3825 755 3877 Iled.
765 3824 827 3892 315)
840 3824 994 3879 nominent:
1017 3831 1059 3880 est
1073 3827 1145 3880 enlm
1160 3827 1189 3880 ln
1199 3826 1291 3880 tabula
1303 3826 1351 3879 illa
1361 3825 1464 3879 Icarius

284 3910 422 3978 Erigonae
439 3909 512 3963 filiae
530 3909 640 3963 adultae
658 3913 744 3977 pater,
763 3908 857 3976 itaque
875 3916 967 3964 aetate
991 3911 1045 3965 iam
1064 3912 1223 3980 provectior.
1259 3912 1396 3966 Alludunt
1413 3911 1466 3965 huc

284 4000 392 4064 praeter
409 3995 470 4049 illos
489 3995 578 4048 Germ.
597 4012 622 4049 v.
635 3994 683 4062 903
702 3993 751 4048 Ov.
770 3995 834 4048 Met.
851 3996 952 4064 1145ος
972 3997 1052 4065 Prop.
1071 3998 1115 4051 III
1133 3998 1174 4065 31,
1193 3997 1242 4065 243
1261 3997 1321 4051 Tib.
1339 3997 1380 4052 IV
1399 3998 1422 4065 1,
1434 3995 1466 4065 93

284 4096 310 4133 v.
328 4080 448 4134 Eratost.
467 4084 519 4134 eat.
538 4080 585 4134 rel.
605 4080 646 4134 ed.
664 4079 794 4134 Robert
812 4096 837 4148 p.
854 4081 895 4136 39.
909 4081 941 4134 79
960 4089 989 4136 et
1000 4083 1031 4136 Ε.
1045 4083 1156 4136 Maass
1170 4083 1248 4136 Anal.
1261 4083 1338 4136 Erat.
1358 4081 1464 4151 (Philol.

284 4165 445 4218 Untersuch.
464 4166 513 4233 Vl)
532 4181 557 4233 p.
577 4164 634 4218 100.
654 4165 712 4217 120.

371 4248 392 4316 ²)
410 4251 534 4303 Aratoris
552 4250 671 4304 tabulam
691 4250 724 4304 de
743 4251 858 4318 sphaera
876 4251 1017 4306 barbarIca
1035 4253 1206 4321 desumptam
1220 4269 1278 4308 esse
1296 4254 1466 4308 demonstrat

204 4370 207 4374 -
283 4335 313 4389 F.
332 4335 411 4389 Boll
429 4335 446 4389 l.
466 4351 487 4387 c.
506 4351 568 4403 pag.
587 4335 701 4404 229sqq.
