3278 4964
286 377 347 441 162
734 372 884 426 Guilelmus
902 370 1009 425 Gundel
1408 369 1472 452 [70

284 546 444 628 gallorum
467 565 549 626 curs,
572 543 691 625 quibus
714 543 862 608 omnibus
891 541 1031 623 plaustri
1051 541 1144 607 sidus
1174 540 1348 605 indicetur.
1392 539 1470 607 Nec

284 667 348 714 non
370 653 534 714 nostrates
557 648 641 712 hanc
666 664 778 712 vocem
807 649 1003 726 receperunt
1031 648 1205 711 verterunt
1233 647 1471 710 servaverunt.

370 752 509 816 Praeter
524 755 651 814 arctum
667 768 687 813 a
703 747 838 813 Graecis
851 748 989 812 alteram
1005 749 1167 827 quandam
1180 749 1306 826 septem
1319 745 1466 812 trionum

285 852 537 934 appellationem
577 850 716 916 Romani
760 854 970 931 receperunt,
1004 867 1101 929 quam
1144 847 1260 929 paucis
1303 851 1470 931 notemuS,

283 956 473 1022 Helicen.
503 956 623 1020 Vocem
643 951 746 1036 Ἑλίκη
761 953 836 1017 inde
853 953 894 1016 ab
912 950 1056 1032 antiquis
1072 950 1137 1016 viri
1152 949 1240 1016 ducti
1256 952 1467 1016 deduxerunt

285 1056 340 1121 διὰ
359 1058 394 1120 τὸ
417 1052 600 1119 illaeso-iel
624 1103 630 1118 .
654 1107 661 1120 .
685 1102 692 1117 .
717 1055 771 1118 καὶ
792 1052 846 1117 διὰ
867 1053 903 1115 τὸ
926 1049 1078 1116 ἕλκεσθαι
1106 1050 1170 1114 ὑπὸ
1194 1051 1342 1136 οὐρανοῦ,
1377 1055 1467 1134 quod

286 1160 374 1226 circa
396 1161 503 1241 polum
521 1160 610 1224 sidus
632 1157 812 1243 vertitur.1)
867 1157 917 1222 De
940 1157 1067 1222 duabus
1083 1155 1169 1221 ursis
1185 1157 1309 1221 Aratus
1332 1154 1470 1221 dixerat

284 1262 355 1329 loco
382 1262 417 1327 in
439 1260 651 1327 adnotatione
670 1260 818 1343 signato:

462 1360 493 1426 oi
515 1361 568 1448 τὴν
589 1361 646 1443 μὲν
667 1360 861 1444 κυνοσουρὰν
884 1359 1051 1446 ἐπίκλησιν
1073 1359 1240 1423 καλέουσιν

460 1465 514 1550 νην
536 1465 564 1529 ‹l‘
588 1465 694 1551 ἑτέρην
717 1461 831 1548 ἑλίκην,

285 1570 342 1635 ubi
363 1568 381 1651 r]
405 1568 493 1653 ἑτέρη
522 1588 599 1634 ursa
628 1568 731 1634 maior
760 1571 819 1633 est.
870 1567 973 1648 Quem
1001 1584 1073 1631 cum
1103 1569 1250 1631 verteret
1280 1565 1323 1630 ltl.
1342 1565 1468 1648 Cicero,

285 1691 396 1739 vocem
419 1671 534 1737 Helice
557 1671 592 1736 in
615 1673 832 1736 Romanorum
854 1688 1034 1736 sermonem
1058 1667 1197 1749 recepit:
1227 1668 1328 1731 ulter-e
1349 1668 1469 1731 elicitur

286 1794 348 1838 esse
370 1773 485 1852 Helice,
508 1775 602 1838 Arat.
625 1773 721 1855 frgm.
743 1774 791 1837 VI
814 1774 833 1837 2
856 1802 898 1826 =
922 1775 962 1837 de
985 1776 1053 1837 nat.
1076 1773 1161 1836 deor.
1184 1770 1219 1834 Π
1243 1770 1313 1836 105.
1358 1769 1467 1836 Gene-
1560 1816 1566 1823 -

286 1876 377 1940 tivus
400 1894 495 1940 casus
518 1880 576 1940 aut
599 1893 716 1955 graeco
738 1893 826 1940 more
853 1873 1013 1939 formatur
1035 1872 1157 1937 Helices
1176 1872 1304 1955 (Anien.
1326 1872 1361 1938 ΙΙ
1380 1872 1470 1957 260),

233 1986 246 2028 ‹'
288 1981 346 2041 aut
375 1977 519 2041 Romano
549 1975 676 2039 Helicae
705 1976 781 2060 (Cic.
810 1980 878 2040 nat.
910 1978 997 2042 deor.
1027 1976 1061 2040 II
1093 1975 1176 2059 110).
1229 1976 1335 2042 Semel
1364 1976 1468 2041 Arati

287 2078 450 2160 interpres
480 2079 634 2162 (Maess
652 2078 672 2142 l.
695 2079 715 2143 l.
738 2098 769 2159 p.
790 2079 862 2160 582,
887 2078 918 2162 1)
953 2097 1011 2159 pro
1041 2079 1160 2144 Helica
1191 2079 1323 2159 scripsit
1351 2076 1468 2160 Helic3

288 2182 423 2247 eandem
440 2180 576 2247 formam
587 2183 725 2246 tradunt
740 2181 837 2246 schol.
850 2181 946 2246 Bern.
962 2179 995 2245 in
1009 2181 1116 2246 Germ.
1130 2182 1185 2245 Ar.
1202 2201 1232 2262 p.
1246 2181 1318 2263 233,
1333 2181 1362 2264 3,
1380 2180 1466 2262 12Β,

288 2287 468 2366 occupatur
490 2288 600 2349 antem
623 2279 691 2363 ἕλιξ
712 2285 878 2349 interdum
900 2303 920 2348 a
943 2283 1082 2349 Graecis
1104 2284 1145 2348 de
1167 2282 1341 2367 sideribus
1370 2283 1471 2350 velut

288 2387 443 2452 aNonno
465 2385 559 2452 Dion.
578 2387 595 2451 Ι
617 2386 681 2452 225
704 2385 758 2449 καὶ
788 2388 893 2464 στίχες
916 2384 1070 2470 οὐρανίων
1097 2381 1216 2451 ἑλίκων.
1260 2385 1331 2451 Non
1354 2384 1471 2452 multis

288 2490 443 2556 Romanis
465 2490 547 2556 haec
571 2509 635 2556 vox
663 2494 798 2571 accepta
826 2489 900 2570 fuit,
930 2489 995 2554 nisi
1025 2488 1176 2570 excipere
1204 2488 1256 2555 vis
1285 2487 1467 2571 Manilium,

289 2596 375 2674 apud
399 2593 619 2673 (1661111296
649 2592 756 2656 Helice
786 2595 885 2656 maior
914 2596 1009 2657 extat
1039 2591 1198 2657 et1303
1230 2593 1270 2656 de
1299 2590 1466 2657 frontibus

288 2695 424 2761 Helicae
442 2695 575 2760 maioris
599 2699 633 2759 et
655 2695 789 2760 minoris
811 2695 930 2776 agitur.
975 2693 1081 2759 Simili
1097 2696 1189 2759 modo
1205 2693 1317 2759 Cicero
1334 2696 1375 2759 de
1396 2698 1466 2760 nat.

228 2818 237 2842 ν
288 2799 375 2863 deor.
397 2798 433 2861 Π
457 2797 519 2862 116
549 2800 777 2861 commemorat
800 2796 929 2859 Helicen
951 2797 1158 2860 truculentum
1187 2797 1218 2862 h.
1241 2815 1267 2862 e.
1297 2795 1400 2862 feram
1430 2800 1470 2873 et

289 2898 403 2964 Avien.
425 2898 460 2962 Π
482 2900 543 2964 158
566 2897 688 2961 Helices
710 2898 852 2964 caucium.

560 3120 595 3189 ll.
631 3120 673 3188 lis
697 3120 955 3204 septentrionum
980 3120 1196 3205 opinionibus.

377 3289 579 3373 Quicumque
601 3308 720 3356 serena
734 3293 932 3371 tempestate
948 3290 1056 3355 oculos
1079 3291 1113 3356 in
1132 3295 1325 3356 nocturnum
1341 3290 1469 3358 caelum

290 3392 472 3475 sustulerit,
494 3392 597 3474 primo
620 3395 737 3459 obtutu
759 3399 883 3475 septem
905 3392 1021 3459 stellas
1043 3412 1122 3474 prae
1146 3392 1283 3473 reliquis
1305 3393 1467 3462 micantes

290 3496 541 3563 animadvertet.
585 3495 650 3561 Suo
672 3494 744 3562 iure
765 3497 887 3560 clerum
910 3495 1001 3560 sidus
1023 3495 1207 3576 appellavit
1223 3495 1347 3561 Seneca
1368 3496 1467 3562 Herc.

290 3599 361 3666 Oet.
395 3600 466 3666 239.
520 3598 639 3678 Itaque
673 3604 798 3679 septem
827 3597 904 3662 illas
941 3597 1057 3663 stelles
1094 3597 1183 3663 inter
1218 3616 1254 3663 se
1291 3598 1470 3664 cohaerere

290 3719 453 3782 unamque
475 3699 606 3766 efficere
622 3699 903 3766 constellationem
926 3698 991 3765 iarn
1006 3705 1138 3767 veteres
1153 3705 1289 3782 putasse
1304 3701 1467 3768 Romanos

290 3803 354 3870 fide
377 3803 508 3886 dignum
533 3807 593 3868 est.
636 3801 749 3867 Etiam
776 3801 956 3884 posteriore
974 3821 1056 3868 aevo
1078 3805 1167 3869 haud
1189 3804 1239 3869 ita
1261 3822 1335 3869 raro
1358 3804 1405 3886 fit,
1428 3807 1471 3869 ut

291 3905 348 3971 ubi
370 3905 507 3986 simplex
530 3903 707 3970 affectatur
730 3904 859 3970 dicendi
885 3923 1004 3988 genus,
1035 3907 1241 3972 constellatio
1271 3906 1330 3972 illa
1359 3912 1468 3990 septem

290 4009 396 4071 stellae
418 4006 556 4072 dicatur.
600 4006 654 4072 Sic
670 4007 790 4073 Accius
804 4007 838 4072 in
854 4007 1042 4074 Philocteta
1064 4009 1107 4093 (v.
1130 4009 1193 4074 566
1208 4007 1317 4090 Ribb.)
1338 4009 1397 4074 sul
1411 4028 1472 4073 uae

289 4130 495 4142 ...---

379 4176 399 4243 ¹)
418 4176 502 4231 Schol.
517 4177 595 4231 Aret.
605 4177 702 4246 phaen.
714 4177 749 4230 35
765 4179 854 4232 Maess
866 4179 883 4233 l.
895 4178 912 4233 l.
932 4195 957 4247 p.
970 4178 1029 4246 348,
1041 4178 1066 4247 2,
1084 4178 1262 4234 recentiorum
1276 4195 1302 4234 v.
1315 4195 1337 4232 c.
1356 4179 1472 4234 Prell-

291 4262 373 4316 witz
390 4260 419 4314 in
431 4261 513 4330 gloss.
526 4267 608 4330 etym.
627 4262 677 4317 sub
690 4279 761 4318 voce.
780 4263 894 4318 eliorum
911 4265 1092 4319 recentiorum
1107 4264 1248 4318 conamina
1265 4265 1470 4333 (Buttmann

289 4347 309 4404 l.
323 4347 345 4401 l.
363 4362 389 4414 p.
408 4345 451 4415 20)
469 4345 537 4400 nihil
554 4363 649 4402 moror.
