3278 4964
164 333 224 420 33]
393 335 434 386 De
452 333 592 388 stellarum
611 334 792 402 appellatione
811 342 840 389 et
857 335 988 405 religione
1005 336 1127 390 Romana
1286 339 1348 403 125

162 507 237 587 fero
255 508 284 566 et
304 502 429 585 bosporo
450 508 658 567 remunerant.
703 503 894 570 Desnltores
917 511 1026 571 autern
1047 505 1072 570 ii
1094 511 1199 589 erant,
1228 507 1285 588 qui
1306 511 1347 573 de

167 626 252 690 equo
274 607 309 672 in
333 625 450 687 equum
469 605 720 672 transiliebant:
742 606 830 671 idem
844 607 956 673 iacere
974 608 1110 674 Veneris
1134 609 1232 675 stella
1255 610 1346 678 vide·

167 713 277 793 batur,
300 728 386 789 quae
408 728 526 789 equum
548 709 700 775 diurnum
723 710 874 775 mutabat
896 728 967 775 cum
989 713 1187 795 nocturno.¹)

255 813 341 878 Late
363 811 515 876 diffusam
545 812 775 894 astrologicam
810 812 1076 893 superstitionem
1104 814 1347 882 aOhristianis

166 914 357 983 doctoribus
380 914 607 997 impugnatam
629 933 701 980 esse
723 914 926 996 notissimum
950 920 1008 996 cst
1034 935 1065 982 v.
1087 935 1113 982 c.
1133 917 1233 983 affero
1254 936 1347 983 sauc-

169 1024 240 1084 tum
257 1016 488 1099 Augustarum,
511 1016 617 1096 quiin
633 1016 772 1082 Veneris
790 1017 919 1083 stellam
935 1018 1101 1099 complura
1117 1019 1203 1085 dixit
1225 1021 1266 1085 de
1288 1021 1348 1086 civ.

165 1122 222 1188 dci
244 1121 311 1187 VII
332 1121 384 1210 lb.
428 1120 554 1185 Sedet
582 1119 647 1200 ipsi
670 1120 861 1204 Christiani,
890 1121 971 1186 licet
1000 1126 1149 1189 veterum
1178 1121 1348 1204 opiniones

167 1225 344 1307 plerasque
368 1222 560 1305 deleverint,
581 1241 699 1288 novam
722 1224 884 1302 quandam
906 1223 1061 1290 Romanis
1092 1224 1279 1291 attulerunt
1308 1227 1347 1291 de

168 1325 306 1392 lucifero
333 1324 540 1391 sententiam.
584 1325 670 1390 Erat
698 1325 783 1390 enim
806 1325 856 1390 eis
885 1327 1064 1408 symbolum
1095 1331 1134 1392 ut
1162 1328 1213 1392 ita
1242 1326 1348 1394 dicam

166 1429 336 1495 daemonis
350 1427 547 1511 pravissimi,
568 1445 662 1508 quem
677 1427 837 1493 Satanam
854 1427 1078 1510 appellabant.
1116 1429 1272 1496 Tractum
1287 1430 1348 1495 lroc

166 1536 224 1598 est
247 1530 394 1596 elesaia
409 1530 491 1596 XIV
507 1532 563 1595 12:
593 1540 667 1605 πῶς
688 1523 838 1608 ἐξέπεσεν
860 1525 895 1593 ἐκ
917 1540 974 1593 τοῦ
989 1529 1124 1614 οὐρανοῦ
1144 1528 1164 1594 ὁ
1184 1529 1348 1616 ἑωςφόρος

165 1633 188 1696 b
203 1632 289 1715 πρωὶ
304 1631 495 1714 &coctilem
510 1635 675 1718 συνετρίβη
694 1632 741 1707 εἰς
754 1631 808 1716 τὴν
822 1640 877 1717 γῆν
891 1631 910 1695 b
925 1631 1130 1696 ἀποστέλλων
1143 1632 1228 1717 πρὸς
1241 1633 1348 1696 πάνια

170 1735 210 1799 τὰ
232 1732 319 1820 ἔθνη.
363 1736 433 1800 Hoc
455 1736 535 1801 licet
557 1738 597 1801 de
616 1755 696 1819 rege
711 1738 851 1816 quodam
866 1736 1067 1818 Babylonico
1084 1735 1206 1802 dictum
1221 1736 1346 1821 esset,²)

168 1857 228 1920 per
249 1838 368 1904 falsam
394 1838 701 1919 interpretationem
732 1840 774 1903 ad
804 1837 1011 1904 diaboluma
1042 1841 1101 1905 deo
1131 1839 1347 1920 omnipotenti

166 1941 337 2008 devictum
358 1942 568 2007 rettulerunt.
613 1941 720 2006 Huius
749 1941 917 2007 doctrinae
947 1942 1047 2007 testis
1078 1941 1255 2007 Cassianus
1285 1947 1346 2024 est,

169 2044 245 2110 inst.
268 2044 338 2109 XII
356 2045 392 2108 4:
415 2045 560 2124 eupolum
581 2044 681 2125 ibam,
703 2045 758 2124 qai
778 2064 838 2126 pro
860 2045 1017 2107 nimature
1044 2043 1217 2126 splendoris
1238 2063 1274 2107 oc
1296 2043 1347 2109 de-

164 2149 248 2211 coris
262 2148 314 2210 sei
336 2147 448 2227 lucifer
463 2147 636 2229 appellatas
650 2151 702 2228 ost,
724 2147 812 2212 nollo
833 2147 896 2211 olio
918 2166 1011 2226 quom
1030 2147 1086 2210 boc
1105 2147 1178 2210 nitio
1200 2146 1347 2210 matam

163 2249 296 2313 -coelitns
314 2251 487 2312 dormimus
508 2255 538 2313 et
558 2269 596 2312 ea
616 2249 674 2313 illo
695 2250 781 2313 beato
801 2248 987 2330 sublimique
1015 2249 1195 2330 angelornm
1219 2250 1348 2313 motione

168 2352 225 2415 telo
245 2351 407 2433 supebiam
427 2352 623 2414 calomniam
645 2350 688 2415 ad
715 2351 845 2431 tofane
873 2352 971 2432 fnisse
1002 2351 1189 2432 conlapsum.
1241 2350 1346 2416 Addit
1480 2378 1482 2381 ’

166 2452 345 2519 Cassianus
359 2453 550 2519 Luciferum
573 2473 608 2519 se
631 2456 691 2519 deo
707 2454 845 2519 similem
861 2453 1032 2533 iudicasse,
1055 2471 1139 2533 quae
1155 2452 1344 2517 accuratius

169 2556 303 2636 exponit
332 2556 478 2621 Isidorus
508 2558 548 2621 de
570 2561 636 2622 nat.
665 2576 728 2622 rer.
751 2557 867 2622 XXVI
898 2558 953 2639 11,
985 2555 1041 2636 qui
1071 2555 1185 2621 citatis
1214 2553 1344 2620 Iesaiae

168 2657 280 2724 verbis
302 2659 428 2741 pergit:
451 2660 507 2739 qut
524 2660 618 2722 otium
639 2661 675 2722 ia
696 2659 778 2722 coelo
792 2679 886 2740 saper
907 2659 1011 2722 stellam
1030 2657 1080 2721 dai
1101 2657 1177 2721 dicit
1193 2676 1226 2720 se
1245 2655 1344 2720 sedem

167 2762 341 2832 nostorum
362 2765 390 2824 et
412 2760 525 2824 cudens
545 2761 583 2824 de
599 2762 681 2826 coelo
696 2762 915 2844 confringitur.
960 2761 1051 2843 Quae
1066 2759 1216 2844 pluribus
1231 2759 1345 2826 colori-

170 2863 230 2928 bus
253 2863 435 2945 depingens
458 2863 637 2929 Rhabanns
659 2865 795 2930 Maurus
818 2865 917 2950 (Mon.
936 2864 1043 2931 Germ.
1065 2863 1142 2929 hist.
1164 2863 1199 2928 II
1228 2883 1257 2944 p.
1282 2863 1344 2928 198

167 2969 226 3030 str.
237 2967 277 3031 16
287 2971 321 3031 et
331 2965 384 3049 19)
396 2965 568 3032 luciferum
578 2970 747 3033 cadentem
757 2967 935 3033 attentiam
944 2965 1074 3048 partem
1082 2966 1226 3032 siderum
1236 2984 1345 3031 secum

166 3069 353 3133 trahentem
375 3069 539 3134 describit.
583 3070 694 3151 Atque
716 3070 882 3151 plerisque
904 3069 1002 3134 medii
1032 3069 1106 3136 aevi
1128 3066 1344 3150 scriptoribus

168 3169 286 3236 lucifer
306 3170 393 3236 idem
424 3175 475 3236 est
504 3171 561 3250 qui
588 3172 719 3238 ludaeis
742 3172 890 3238 Satanas.
935 3172 1006 3237 Hoc
1036 3171 1154 3237 stellae
1176 3171 1344 3237 Venereae

164 3272 273 3337 iatum
296 3272 360 3338 fuit
382 3273 540 3339 ultimum.
1057 3302 1060 3306 “

473 3689 497 3781 ξ
525 3695 559 3760 2.
603 3692 664 3761 De
690 3691 811 3760 stella
838 3689 1033 3759 canicula.

251 3852 407 3919 Fortasse
424 3853 561 3919 miretur
577 3853 738 3934 quispiam
754 3852 895 3918 tractari
916 3852 1005 3918 inter
1027 3850 1142 3916 stellas
1157 3849 1343 3932 singulares

162 3955 358 4020 caniculam.
381 3955 540 4021 Traditur
555 3955 640 4020 enim
655 3973 675 4019 a
690 3954 869 4036 veteribus,
885 3972 1020 4034 quorum
1034 3950 1162 4017 nomino
1174 3950 1342 4034 Hyginum

165 4055 311 4138 (Astron.
333 4057 385 4122 HI
408 4059 450 4123 34
473 4079 502 4138 p.
518 4058 560 4122 95
572 4057 637 4140 R),
668 4057 849 4122 caniculam
874 4056 965 4121 sidus
987 4072 1058 4120 esse
1080 4073 1098 4118 e
1121 4053 1341 4135 compluribus

253 4227 272 4295 ¹)
291 4229 361 4282 Vide
379 4227 448 4282 Stat.
468 4227 551 4280 Theb.
570 4227 611 4280 VI
628 4225 687 4279 218.

251 4312 272 4380 ²)
289 4331 316 4368 v.
335 4315 365 4367 Β.
384 4313 505 4380 Duhm‚
525 4311 781 4366 Hondcommeotor
799 4327 862 4363 aaran
880 4309 964 4363 Alton
987 4310 1141 4363 ramaneat
1157 4309 1201 4362 111
1221 4307 1233 4359 1
1254 4323 1278 4375 p.
1297 4307 1340 4359 9⁴2.

216 4412 530 4469 Ileligionsgesohiclrtliolre
545 4412 666 4458 Versuolre
680 4425 703 4456 u.
718 4411 876 4456 l'orarbeiten
890 4413 931 4455 lll.
1166 4394 1183 4446 9
