3278 4964
227 342 290 410 104
677 338 829 394 Guilelmus
847 338 955 394 Gundel
1116 379 1118 384 .
1347 337 1402 426 [12

226 510 425 578 Graecorum
454 509 642 577 observatio
671 508 843 575 luciferum
881 512 915 574 et
951 527 1123 590 vesperum
1161 510 1298 575 eundem
1324 528 1405 592 esse,

225 631 347 694 vesper
362 612 462 678 etiam
484 631 542 693 pro
565 611 663 678 stella
684 630 822 676 aurorae
841 610 980 692 praevia
994 611 1186 692 ponebatur.
1230 611 1405 677 Horatium

225 733 364 798 provoco
387 719 518 796 testem,
540 733 566 780 c.
583 714 619 779 Π
641 715 670 794 9,
686 714 742 779 10:
765 733 821 776 aec
842 712 898 777 te‘be'
924 712 1050 794 Vespero
1070 712 1075 797 Ι
1093 718 1238 794 serpente
1256 713 1406 778 decedunt

226 816 357 902 amores!
366 837 419 880 uec
434 815 582 898 repedem
594 815 734 896 fupr‘eatc
749 815 850 880 solem.
894 815 965 898 Quo
980 814 1091 897 fiebat,
1114 820 1151 881 ut
1166 815 1266 881 etiam
1284 815 1406 896 plurali

225 918 332 985 forma
360 924 528 1000 uteretur,
558 917 589 983 si
617 917 690 997 quis
719 936 786 983 una
818 921 947 983 tantum
976 936 1057 984 voce
1086 921 1258 998 utramque
1288 916 1405 984 sideris

226 1019 467 1103 apparitionem
496 1019 683 1102 significare
719 1020 864 1086 volebat.
913 1019 1022 1085 Huius
1055 1037 1133 1085 usus
1163 1038 1263 1085 unum
1286 1019 1406 1088 inveni

227 1122 449 1188 testimonium
475 1124 563 1203 apud
584 1121 830 1189 Priscillianum
860 1121 904 1207 (V
926 1123 968 1188 86
991 1122 1084 1203 corp.
1106 1122 1218 1204 script.
1249 1121 1326 1188 eccl.
1347 1122 1406 1188 lat.

227 1224 290 1292 vol.
311 1225 429 1291 XVIII
458 1245 489 1307 p.
519 1224 589 1308 65):
623 1244 702 1305 quoe
731 1229 821 1288 11111
847 1223 1039 1288 demembrato
1064 1228 1236 1305 potueruut
1264 1229 1293 1288 et
1321 1229 1406 1288 nocte

226 1327 392 1408 1111111111)
413 1326 453 1390 ab
466 1326 628 1409 splendore
649 1327 728 1391 laets
744 1326 843 1390 diosa
860 1374 867 1389 .
883 1375 915 1392 ..
938 1331 1022 1390 terro
1043 1326 1179 1390 solidato
1199 1331 1250 1392 est.
1294 1327 1406 1408 Atque

226 1429 310 1494 haec
332 1431 373 1496 de
393 1448 515 1510 vespero
540 1429 709 1495 hactenus.
753 1430 877 1495 Contra
908 1429 1033 1510 lespero
1062 1429 1113 1495 uti
1142 1430 1247 1510 poetis
1276 1433 1406 1495 tantum

226 1531 359 1614 licebat,
382 1550 462 1612 quos
478 1550 496 1596 e
511 1531 638 1598 Graeco
653 1532 801 1597 hausisse
822 1532 856 1596 in
872 1532 1045 1613 propatulo
1061 1534 1121 1597 est.
1150 1531 1268 1612 Itaque
1284 1530 1407 1612 ambigi

226 1637 352 1716 potest,
381 1641 490 1699 utrum
523 1633 666 1700 Graecos
696 1652 740 1699 111
762 1635 924 1699 Romanos
953 1638 1069 1714 poetas
1099 1633 1206 1700 secuti
1235 1634 1318 1717 sint,
1350 1633 1407 1714 qui

227 1734 377 1818 cognatis
392 1736 535 1817 Hesperi
556 1755 673 1802 nomen
696 1736 898 1803 indiderunt.
942 1735 1042 1802 Cuius
1060 1736 1111 1802 rei
1130 1736 1280 1818 exempla
1301 1737 1406 1802 habeo

227 1840 325 1903 haec:
348 1837 420 1903 CIL
435 1839 580 1920 113110,
602 1839 656 1903 III
674 1839 738 1905 355
761 1839 794 1903 C.
811 1839 968 1921 118442,
991 1837 1246 1923 11121OEsper),
1268 1839 1299 1904 V
1315 1839 1407 1920 1389,

226 1940 279 2005 IX
294 1942 356 2006 127
372 1940 527 2023 (Hesper),
549 1940 583 2005 X
598 1941 691 2006 3720.
735 1940 834 2006 Certe
848 1941 1029 2006 Romanam
1044 1941 1158 2021 poesin
1180 1941 1305 2007 imitati
1321 1945 1407 2023 sunt,

227 2042 283 2122 qui
311 2061 392 2109 aevo
422 2044 507 2122 quod
533 2042 742 2125 Carolingum
772 2047 910 2109 vocatur
938 2043 1099 2123 hesperum
1122 2044 1408 2124 praedicaverunt.

225 2144 308 2211 Eius
331 2144 440 2211 laudIs
458 2149 562 2211 testes
577 2145 679 2210 affero
693 2145 798 2212 Gesta
813 2145 979 2227 Apollonii
992 2146 1091 2230 (Mon.
1108 2146 1215 2211 Germ.
1230 2144 1308 2212 hist.
1322 2150 1406 2226 poet.

225 2248 283 2313 lat.
315 2265 386 2314 aes.
421 2247 491 2312 Car.
521 2247 557 2312 H
589 2266 618 2328 p.
648 2248 711 2314 503
741 2266 772 2314 v.
802 2247 895 2332 693),
931 2248 1080 2313 Ermoldi
1112 2247 1237 2329 Nigelli
1277 2266 1407 2313 carmen

226 2349 274 2432 (in
306 2350 379 2415 hon.
408 2349 507 2416 Hlud.
533 2349 552 2414 I
580 2369 610 2415 v.
632 2351 711 2431 281,
742 2349 829 2416 Mon.
858 2350 894 2415 II
916 2369 945 2431 p.
970 2351 1039 2434 13),
1069 2348 1273 2417 Walahfridi
1294 2349 1409 2415 Strabi

228 2451 369 2519 01111111.
401 2451 482 2536 (Vis.
505 2452 609 2518 Wett.
637 2471 668 2519 v.
691 2453 770 2535 199,
803 2453 890 2518 Mon.
912 2453 948 2518 Π
971 2472 1002 2532 p.
1024 2453 1109 2539 310).
1150 2452 1257 2520 Simili
1279 2451 1408 2519 ratione

227 2556 270 2619 ad
291 2553 433 2620 aliarum
455 2556 604 2636 gentium
626 2554 789 2634 sequioris
818 2554 894 2622 aevi
919 2559 1033 2636 poetas
1063 2554 1201 2621 transiit
1229 2555 1408 2635 Hesperus,

227 2675 406 2737 equorum
435 2655 635 2723 carminibus
666 2656 817 2736 exempla
846 2657 966 2722 afferre
988 2658 1136 2723 consulto
1165 2657 1313 2740 neglego,
1341 2655 1407 2723 nisi

101 2777 104 2784 ·
227 2760 313 2838 quod
335 2777 483 2824 moneam
504 2757 602 2823 hodie
624 2776 752 2838 quoque
773 2758 809 2823 in
829 2757 1096 2839 Hispaniensium
1118 2777 1266 2825 sermone
1289 2756 1407 2825 altiore

228 2859 335 2924 audiri
356 2858 487 2941 hespero,
509 2862 596 2940 apud
617 2860 722 2925 Italos
744 2879 855 2941 espero.

313 2961 378 3027 Sed
401 2961 553 3042 quoniam
576 2963 619 3027 ad
637 2967 753 3043 poetas
772 2962 909 3028 deflexit
930 2963 1045 3046 oratio,
1067 2965 1225 3031 nonnulla
1246 2965 1407 3032 vocabula

228 3065 349 3131 addere
378 3063 493 3147 liceat,
522 3063 640 3144 quibus
669 3083 843 3146 vesperum
874 3064 931 3147 qui
965 3066 1074 3132 soluta
1104 3067 1239 3133 natione
1260 3068 1409 3134 Romana

227 3165 432 3247 scripserunt
471 3172 723 3234 exornaverunt.
780 3166 865 3234 Sunt
903 3174 1014 3234 autem
1051 3170 1130 3234 duo:
1170 3169 1336 3235 antifer
1372 3174 1407 3236 et

227 3268 429 3335 noctifer.
1253 3317 1254 3320 ,
1358 3290 1384 3326 s

206 3438 208 3441 ,
312 3371 501 3454 Aute‘fer,
523 3372 598 3437 eo:
622 3372 776 3454 Fulgent.
796 3373 935 3456 Mythol.
966 3373 1001 3439 H
1022 3375 1077 3455 13;
1107 3374 1198 3457 Oorp.
1228 3376 1325 3455 gloss.
1350 3375 1408 3440 lat

227 3475 375 3559 111425,
406 3474 462 3556 153
493 3474 564 3540 CIL
594 3475 735 3553 V6244,
766 3475 825 3542 ubi
845 3476 958 3558 lucifer
980 3480 1015 3541 et
1036 3477 1157 3557 antifer
1178 3495 1278 3558 supra
1300 3476 1408 3542 stellis

226 3577 368 3659 depictis
406 3575 523 3658 scripti
560 3581 638 3643 sunt
667 3577 703 3643 in
731 3578 895 3645 lateribus
925 3597 1023 3644 arcae
1052 3579 1255 3661 sepulcralis.
1314 3579 1407 3645 Haec

227 3679 345 3746 vocula
373 3678 455 3745 licet
488 3678 582 3745 nobis
611 3679 701 3744 nullo
731 3679 876 3746 carmine
904 3682 1074 3764 tradatur,
1104 3686 1215 3747 tamen
1244 3678 1407 3760 poeticum

228 3781 367 3847 colorem
388 3781 538 3863 praebet,
560 3780 618 3861 qui
640 3799 681 3845 ex
699 3781 899 3864 metonymia
919 3782 1118 3865 agnoscitur.
1161 3782 1275 3862 Neque
1297 3786 1408 3847 tamen

229 3882 337 3964 qualis
360 3902 401 3949 ea
422 3882 476 3966 sit,
498 3881 597 3948 facile
628 3882 758 3949 dicitur.
809 3883 990 3952 Dubitavit
1017 3885 1113 3968 enim,
1141 3889 1251 3950 utrum
1281 3881 1407 3965 priores

228 3985 300 4051 eius
333 3984 424 4052 vocis
457 3985 605 4068 syllabae
637 4004 778 4067 graecae
811 3985 880 4052 sint
912 3985 1021 4073 (ἀντι-1
1054 4004 1097 4052 an
1129 3985 1257 4051 latinae
1290 3985 1407 4071 (aute-)‚

315 4221 335 4290 ¹)
354 4222 394 4277 De
412 4221 540 4290 genetivo
558 4238 623 4277 casn
640 4222 741 4278 tertiae
758 4223 947 4280 declinationis
958 4224 1079 4294 cogitare
1091 4240 1145 4279 non
1156 4223 1229 4295 licet,
1247 4224 1291 4281 cui
1309 4225 1409 4280 desunt

228 4307 359 4376 exemplo,
377 4312 521 4375 postquam
539 4324 622 4376 supro
639 4325 665 4377 p.
684 4308 701 4360 9
718 4309 849 4365 Varronis
867 4308 916 4364 boc
932 4325 1024 4379 vesper
1041 4309 1211 4365 sustulimus.
