3278 4964
171 332 222 413 19]
389 330 429 383 De
448 329 590 383 stellarum
608 328 789 396 appellatione
806 335 835 384 et
852 329 984 398 religione
1001 329 1123 384 Romana
1275 333 1341 397 ,111

170 501 319 568 omnibus
342 499 546 580 sequioribus
568 500 707 565 saeculis
730 500 875 581 viguisse
910 518 969 582 per
990 519 1026 566 se
1047 506 1157 583 patet;
1187 503 1348 568 accedunt

168 604 316 685 lapidum
339 602 536 685 testimonia
565 601 600 667 in
623 602 741 683 quibus
764 608 799 667 et
825 622 929 670 naves
960 602 1043 684 (ΟΠ,
1074 605 1107 669 Χ
1129 605 1223 686 3384,
1253 605 1347 688 3394,

169 707 265 790 3395,
287 705 419 790 3579)1)
450 710 485 770 88
507 704 652 770 homines
681 710 749 770 tam
779 704 867 770 serui
894 705 980 787 (cm
1003 706 1155 789 114968,
1178 707 1212 791 4)
1249 726 1346 787 quam

166 808 268 875 liberi
298 808 384 892 (CIL
404 807 607 874 11131986.
630 807 794 873 VARIVS
816 807 1019 890 Ludimus.
1035 808 1106 873 CIL
1122 809 1175 874 ΙΠ
1189 809 1290 892 6264)
1312 813 1347 875 88

168 909 980 994 1188881818ΙΠ842,Ν215611888888118888.
1003 911 1078 977 1188
1090 911 1219 976 accedit
1230 911 1347 978 mulier

171 1013 367 1080 noudum
375 1011 731 1097 Luciumunmmv
742 1014 848 1098 8836).
864 1013 1089 1079 Elitterarum
1100 1014 1345 1080 historianotus

169 1122 221 1182 est
234 1115 371 1182 Lucifer
386 1115 607 1198 dorolitanus,
630 1115 878 1182 Athanasianae
902 1116 1069 1182 doctrinae
1083 1117 1213 1183 saeculo
1230 1121 1346 1197 quarto

168 1219 354 1285 indefessus
370 1216 522 1282 defensor
534 1217 678 1297 (Hieron.
694 1220 735 1282 de
749 1217 833 1284 viris
847 1218 967 1284 illustr.
984 1219 1047 1303 96).
1092 1219 1203 1300 Atque
1214 1217 1346 1300 saepius

170 1321 431 1388 Christianorum
446 1323 563 1400 poetae
577 1320 716 1386 landant
731 1320 863 1386 stellam
878 1320 1057 1403 luciferam,
1081 1340 1111 1386 v.
1127 1340 1152 1386 o.
1167 1322 1345 1387 Hrabauus

172 1424 309 1489 Maurus
321 1442 346 1488 c.
358 1421 475 1486 XXIV
485 1423 534 1502 12,
549 1422 635 1487 Mon.
650 1422 757 1488 Germ.
770 1423 847 1487 hist.
858 1427 944 1504 poet.
955 1423 1011 1487 188
1019 1424 1101 1488 med.
1109 1441 1179 1490 aev.
1192 1423 1265 1503 118.
1275 1423 1345 1489 188.

255 1525 335 1591 Cum
357 1527 438 1590 adeo
461 1524 612 1590 diffusum
636 1523 738 1590 fuerit
760 1525 885 1605 luciferi
906 1543 1030 1605 nomen,
1052 1524 1168 1590 mirum
1190 1543 1255 1590 non
1284 1529 1346 1608 est,

170 1629 256 1708 qnod
278 1629 366 1707 apud
380 1627 483 1692 italos
505 1627 601 1693 hodie
612 1628 713 1711 viget,
736 1646 872 1708 quorum
886 1627 920 1692 in
942 1646 1004 1693 usu
1021 1631 1072 1693 est
1094 1628 1232 1707 lucifero.
1276 1626 1346 1692 Alii

171 1729 290 1811 populi,
308 1749 441 1810 quorum
454 1730 541 1795 redit
555 1730 670 1812 lingua
682 1731 725 1795 ad
741 1729 887 1812 latinam,
900 1729 1000 1796 aliter
1019 1731 1189 1812 appellant
1200 1728 1344 1795 stellam:

171 1833 264 1898 velut
286 1831 497 1914 Francogalli
517 1832 587 1896 eloti
606 1833 651 1896 da
673 1834 780 1909 maiia,
803 1833 945 1914 Hispani
967 1834 1069 1897 lacero
1090 1833 1127 1896 de
1148 1832 1255 1917 allud)

254 1936 368 2002 Pauca
382 1940 512 2001 tantum
529 1938 651 2002 addere
663 1936 760 2003 iuuat
775 1938 816 2002 de
831 1936 1028 2003 Graecorum
1044 1937 1240 2018 notionibus,
1263 1955 1344 2016 quas

166 2039 315 2122 integras
330 2041 527 2119 receperunt
541 2038 680 2105 Romani
694 2058 802 2102 coam
818 2039 890 2105 dico
901 2043 936 2105 et
948 2039 1000 2120 88
1010 2038 1232 2120 ceptorum.
1252 2038 1343 2121 Quae

168 2140 318 2221 inprimis
335 2140 475 2221 apoetis
497 2141 675 2225 adhibitae,
699 2146 736 2206 ut
753 2160 857 2206 sermo
873 2142 986 2207 varius
1010 2143 1179 2222 existeret,
1201 2140 1256 2232 hic
1276 2140 1344 2206 illic

168 2261 226 2322 pro
238 2243 367 2308 nomine
380 2242 466 2325 (CIL
478 2244 527 2309 IV
538 2243 635 2327 2241)
647 2248 705 2309 aut
717 2244 907 2326 cognomine
916 2243 1001 2328 (CIL
1013 2244 1043 2309 V
1055 2245 1139 2309 8698
1155 2244 1192 2327 Q.
1204 2242 1344 2309 GRANI

168 2344 431 2429 PHOSPHORI)
460 2351 639 2427 usurpatae
664 2351 750 2412 sunt.
794 2347 983 2426 Eodemque
1007 2347 1107 2427 modo,
1137 2363 1199 2425 quo
1222 2345 1342 2424 lucifer,

170 2448 392 2513 haecmomina
404 2466 462 2528 pro
473 2443 610 2529 vespero
622 2448 655 2512 in
669 2466 729 2514 usu
741 2452 825 2514 sunt.
847 2448 1041 2529 Exemplum
1050 2446 1180 2529 profero
1190 2445 1344 2511 carminis

168 2549 340 2616 cuiusdam
355 2549 549 2616 recentioris
565 2551 650 2634 (app.
667 2570 763 2617 carm.
775 2551 895 2616 Auson.
906 2551 942 2616 H
953 2550 1003 2624 45,
1018 2552 1067 2615 ed.
1081 2549 1199 2630 Peiper
1210 2567 1240 2629 p.
1251 2548 1342 2633 411);

321 2688 418 2750 quam
441 2673 534 2736 modo
556 2675 745 2737 nascentem
767 2670 886 2736 rutilus
909 2669 1080 2751 conspexit
1101 2670 1190 2735 Eous

414 2774 498 2839 hanc
520 2774 652 2840 rediens
674 2792 745 2840 sero
768 2793 905 2855 vespere
927 2772 1013 2840 vidit
1033 2791 1139 2839 anum.

252 2892 366 2973 Neque
389 2893 519 2976 longius
542 2894 576 2958 in
599 2894 732 2978 linguas
761 2895 937 2977 populares
960 2893 1065 2960 medio
1086 2910 1168 2959 aevo
1197 2893 1261 2959 hae
1289 2911 1344 2959 no

168 2992 316 3060 tissimae
331 3014 527 3078 progressae
549 3002 626 3062 suut
641 2996 806 3078 notiones3
828 3016 912 3062 unus
926 3001 1055 3062 tantum
1072 2994 1216 3062 auctoris
1238 2994 1344 3062 cuius·

55 3176 64 3189 .
169 3097 242 3162 dam
264 3099 354 3164 locus
377 3098 532 3165 memoria
554 3100 672 3182 dignus
693 3100 834 3181 videtur,
864 3118 927 3181 quo
948 3099 1088 3165 fortasse
1111 3096 1237 3164 confusi
1266 3101 1345 3164 sunt

168 3197 287 3266 Bootes
309 3206 343 3265 et
362 3201 579 3282 Phosphorus.
623 3203 785 3283 Loquitur
808 3201 893 3267 enim
912 3201 1082 3267 Ennodius
1104 3200 1209 3281 (Corp.
1231 3200 1344 3281 script.

171 3302 244 3366 eccl.
274 3301 333 3366 lat.
362 3303 411 3368 VI
433 3322 509 3386 pag.
531 3303 608 3389 481)
639 3306 679 3370 (18
707 3302 1063 3384 homiue'Boaphorum
1085 3301 1226 3366 Pleiades
1248 3300 1343 3382 0888

58 3481 60 3484 ¹
167 3420 276 3466 aarum
298 3407 326 3466 et
348 3404 501 3485 quidquid
521 3407 579 3469 iter
602 3410 751 3470 rnoustrat
771 3404 974 3488 inspiciente.
1221 3417 1226 3423 ’

538 3591 573 3659 9.
604 3593 657 3659 Ile
679 3592 786 3660 stella
809 3592 976 3659 erratica.

252 3726 341 3792 Satis
366 3727 446 3792 mihi
470 3728 575 3794 multa
594 3731 696 3796 verba
711 3731 751 3797 de
773 3749 892 3811 vespm
912 3733 947 3795 et
967 3727 1076 3793 iubare
1090 3727 1206 3794 fecisse
1220 3727 1343 3794 videor.

169 3830 279 3909 Atque
300 3848 360 3911 per
381 3831 520 3896 multum
551 3831 680 3913 quidem
710 3838 839 3915 tempus
867 3851 939 3899 cum
963 3832 1082 3899 Graeci
1114 3835 1184 3897 tum
1204 3828 1344 3896 Romani

256 3968 277 4036 ¹)
293 3969 336 4023 Ex
360 3968 422 4023 aliis
448 3984 554 4036 quoque
577 3968 665 4023 stellis
682 3984 767 4024 naves
784 3968 935 4038 8888118888
959 3984 1017 4024 8888
1040 3969 1137 4023 docent
1154 3966 1214 4021 (llL
1232 3965 1258 4019 X
1274 3965 1343 4020 3891

169 4052 378 4123 (Capricornus),
397 4054 457 4108 CIL
475 4055 500 4108 X
518 4053 594 4122 3447,
612 4053 681 4107 8648
700 4054 835 4122 (Taurus).

253 4138 275 4206 ¹)
291 4138 384 4193 881888
397 4138 526 4194 Germani
538 4145 609 4194 teste
627 4140 653 4194 J.
665 4139 769 4193 Grimm
787 4140 816 4207 (1.
828 4140 845 4194 l.
857 4140 936 4194 1118.
951 4138 1012 4208 603)
1024 4138 1115 4194 conati
1135 4143 1200 4192 8888
1217 4137 1247 4192 18
1263 4153 1342 4192 nsum

168 4236 247 4276 mm
264 4223 406 4279 lucilerum
425 4229 589 4292 convertere,
608 4241 669 4279 cum
687 4223 809 4278 dicerent
820 4223 980 4294 Baiapctop,
998 4224 1045 4278 sed
1065 4221 1222 4292 praevaluit
1237 4237 1343 4290 sempor

167 4306 269 4362 locutio
286 4309 424 4377 popularis
442 4309 633 4378 Morpeustcrn
650 4309 696 4364 vel
716 4309 870 4379 rapacem.
1155 4392 1172 4446 8

1172 4394 1187 4428 e
