3278 4964
236 359 290 445 71]
404 371 406 375 ·
457 359 497 412 De
516 359 657 413 stellarum
675 359 856 427 appellatione
875 363 903 413 et
920 358 1052 429 religione
1070 360 1192 414 Romana
1351 362 1412 427 163

233 532 334 609 posito
354 531 398 594 ad
417 538 528 613 septem
549 531 690 616 stellas.¹)
735 530 799 596 Sed
818 550 891 595 mox
911 531 972 596 hoc
995 535 1121 611 quoque
1136 529 1338 596 intellectum
1362 536 1413 596 est

235 640 359 713 septem
382 634 457 698 illas
480 633 594 699 stellas
617 636 713 698 tardo
735 651 911 715 progressu
933 633 967 697 iu
991 635 1128 698 eundem
1152 651 1280 714 semper
1301 634 1412 700 orbem

234 737 368 818 moueri,
390 738 475 816 quod
498 736 663 818 agricolae
686 735 798 800 Italici
817 737 928 800 eodem
951 737 1043 800 modo
1065 734 1136 800 fieri
1158 735 1317 819 sciebant,
1340 755 1412 801 cum

233 841 333 904 boves
362 839 396 903 in
427 858 506 903 area
535 837 735 903 frumentum
764 838 903 918 pedibus
932 838 1094 903 terebant.
1144 824 1255 918 thue
1285 837 1413 904 omnino

233 941 380 1005 rudiores
399 941 512 1021 populi
528 941 714 1006 discernere
729 944 896 1020 nequeunt
911 939 1000 1005 inter
1015 941 1097 1004 duas
1112 959 1166 1005 res
1181 940 1312 1023 similes
1328 959 1412 1022 quae

233 1042 314 1123 ipsis
337 1042 493 1108 videntur
512 1061 579 1107 una
601 1045 779 1123 eademque
793 1061 855 1124 res,
878 1047 1001 1122 septem
1017 1042 1133 1107 stellas
1147 1046 1273 1122 septem
1288 1042 1413 1108 triones

234 1143 395 1226 dixerunt,
410 1146 440 1210 h.
457 1164 483 1210 e.
501 1150 627 1225 septem
642 1146 742 1212 boves
764 1163 834 1210 esse
856 1146 1020 1225 putabant
1034 1163 1168 1209 messem
1185 1144 1414 1230 deterentes.²)

233 1249 346 1327 Neque
369 1267 410 1312 ex
424 1248 487 1312 hac
507 1247 725 1328 appellatione
740 1247 915 1327 quidquam
939 1246 1078 1327 amplius
1100 1248 1141 1311 de
1163 1252 1313 1313 veterum
1335 1247 1412 1312 reli-

232 1350 328 1433 gione
343 1350 498 1431 colligere
513 1349 605 1432 licet;
621 1351 737 1416 bovem
749 1349 904 1415 Romanis
920 1350 1100 1431 symbolum
1115 1350 1199 1414 lucis
1215 1349 1319 1415 fuisse
1334 1349 1411 1415 inde

232 1472 296 1518 non
318 1457 467 1534 apparet.

319 1573 436 1638 Altera
458 1590 584 1652 quoque
600 1573 817 1637 Romanorum
835 1571 1084 1653 cognominatio,
1107 1591 1190 1651 quae
1207 1574 1246 1636 de
1262 1573 1411 1652 plaustro

232 1676 373 1758 cogitat,
401 1675 480 1740 item
511 1676 611 1740 situm
648 1675 750 1739 solum
785 1680 948 1739 astrorum
978 1674 1173 1740 considerat.
1224 1674 1411 1739 Similitudo

232 1778 330 1842 trium
346 1777 489 1859 priorum
505 1777 673 1842 stellarum
697 1796 769 1842 cum
786 1780 915 1842 temone
937 1782 1028 1842 certa
1049 1780 1082 1842 et
1103 1777 1204 1858 plana
1219 1781 1279 1842 est.
1296 1843 1298 1847 ,
1323 1775 1412 1841 Reli-

232 1899 313 1960 quas
328 1886 484 1962 quattuor
499 1881 624 1945 duabus
639 1879 825 1944 rationibus
840 1880 1056 1960 interpretari
1067 1885 1169 1961 potes,
1185 1880 1255 1946 sive
1270 1898 1412 1961 superne

231 1983 303 2051 siue
326 2003 346 2048 a
367 1983 472 2048 latere
493 1983 671 2064 imaginem
693 1981 863 2064 conspicis
906 1982 942 2048 Si
964 2001 1114 2064 superne,
1141 1987 1298 2062 quattuor
1320 1987 1423 2048 rotas·

231 2085 372 2169 hatest)
388 2085 417 2149 si
432 2105 453 2150 a
467 2085 583 2167 latere,
598 2087 680 2150 duas
695 2091 785 2150 rotas
801 2090 836 2150 et
853 2087 935 2149 duas
951 2104 1085 2150 arcerae
1100 2083 1230 2168 fastigii
1245 2103 1410 2151 versuras.

230 2188 314 2252 Utro
326 2189 417 2252 modo
430 2186 555 2269 singuli
567 2192 697 2253 veteres
710 2187 940 2269 cogitaverint,
953 2187 1047 2252 hodie
1056 2187 1220 2251 affirmare
1229 2186 1411 2267 nequimus

231 2291 311 2371 Ipsa
321 2290 462 2369 plaustri
476 2289 670 2371 imaginatio
683 2309 703 2354 a
716 2308 778 2370 quo
791 2292 985 2370 quandoque
996 2289 1136 2370 primum
1148 2287 1237 2353 iacta
1252 2289 1306 2370 sit,
1322 2289 1411 2353 haud

230 2397 380 2458 constare
395 2392 512 2457 mirum
528 2411 592 2457 non
608 2402 667 2458 est.
703 2391 836 2457 Sumere
848 2392 962 2474 possis,
977 2396 1015 2456 ut
1027 2410 1115 2472 vaga
1130 2392 1322 2471 populorum
1337 2390 1410 2456 vita

230 2494 264 2559 in
293 2495 453 2575 plaustris
478 2499 553 2559 acta
575 2494 812 2576 agriculturam
834 2492 1061 2576 antecesserit,
1084 2493 1133 2558 ita
1155 2491 1410 2574 appellationem

230 2598 409 2678 plaustrum
434 2597 646 2663 vetustiorem
668 2615 740 2662 esse
762 2602 887 2677 septem
910 2595 1074 2663 trionibus
1097 2600 1131 2660 et
1150 2595 1319 2661 inventam
1340 2593 1409 2659 illis

229 2699 439 2782 temporibus
462 2717 525 2780 quo
540 2699 619 2765 ltali
634 2719 700 2765 una
719 2718 791 2764 cum
807 2698 916 2765 Graiis
933 2699 1151 2781 uagabantur,
1173 2698 1221 2763 ita
1243 2701 1280 2762 ut
1294 2698 1409 2762 horum

230 2801 340 2883 ἅμαξα
361 2820 424 2867 non
447 2808 560 2884 mater,
583 2805 641 2868 sed
662 2821 753 2868 soror
774 2802 916 2884 plaustri
934 2799 1074 2867 Romani
1096 2802 1149 2866 sit.
1193 2801 1259 2866 Sed
1280 2800 1409 2865 omnino

229 2923 293 2970 non
304 2905 488 2970 necessario
498 2905 647 2986 sumitur,
658 2905 840 2986 plaustrum
853 2910 887 2971 et
897 2906 1071 2970 hamaxam
1083 2903 1171 2970 inter
1182 2922 1216 2969 se
1226 2904 1410 2970 cohaerere.

229 3007 312 3072 Nam
335 3008 431 3072 multi
452 3007 579 3090 populi,
613 3008 668 3088 qui
691 3008 813 3073 nullam
836 3007 1003 3090 cogitandi
1026 3007 1299 3073 necessitudinem
1321 3006 1410 3070 inter
1465 3045 1468 3048 <

230 3127 265 3173 se
287 3110 484 3192 habuerunt,
505 3128 565 3174 sua
587 3116 704 3191 sponte
719 3109 753 3174 in
769 3128 884 3176 currus
906 3109 1162 3191 appellationem
1185 3107 1409 3192 inciderunt.)

316 3315 336 3380 ¹)
354 3314 430 3367 Idem
448 3305 550 3367 habent
568 3313 627 3368 Seu.
644 3313 741 3368 Troad.
753 3313 812 3381 439,
831 3314 902 3366 Man.
920 3312 934 3364 Ι
953 3311 1012 3373 650,
1030 3311 1111 3379 Apul.
1129 3312 1162 3364 de
1180 3312 1278 3364 mundo
1297 3310 1346 3363 XI.

316 3399 338 3465 ²)
360 3399 489 3453 Permulti
507 3399 601 3466 populi
623 3404 766 3468 praeterea
783 3403 887 3466 septem
906 3398 999 3451 stellas
1017 3401 1121 3464 septem
1139 3396 1252 3450 numina
1263 3395 1408 3464 putabant,

228 3484 305 3539 velut
318 3484 478 3538 Turcestani
490 3485 586 3538 dicunt
598 3501 644 3539 eas
664 3487 765 3554 septem
776 3483 855 3550 turea
875 3489 904 3537 et
915 3484 1015 3550 reptem
1032 3481 1145 3550 fratrea,
1163 3481 1287 3534 hodierni
1299 3479 1406 3551 Graeci,

229 3570 276 3637 qui
288 3570 407 3638 Cyprum
416 3570 546 3639 incolunt,
556 3568 627 3637 ἑφτὰ
639 3566 795 3638 alavarum,
808 3587 834 3624 v.
847 3568 879 3623 N.
892 3568 923 3622 G.
934 3567 1066 3623 Politis
1080 3563 1199 3618 Μελέται
1210 3569 1273 3636 περὶ
1284 3569 1335 3617 τοῦ
1345 3570 1407 3632 βίου

228 3657 329 3717 καὶτῆς
339 3650 458 3723 γλώσσης
472 3657 521 3706 τοῦ
533 3651 670 3719 innocuo&
687 3651 754 3707 λαοῦ
766 3656 866 3725 Athen,
880 3654 946 3707 1904
958 3671 984 3722 p.
1001 3653 1061 3708 816.
1074 3654 1135 3708 Huc
1147 3653 1266 3721 quadrat
1277 3652 1407 3706 Indorum

228 3756 334 3808 quoque
352 3741 559 3810 cognominatio,
578 3741 625 3808 qui
643 3746 747 3810 septem
765 3742 946 3796 Romanorum
964 3740 1046 3794 bores
1069 3743 1173 3808 septem
1192 3737 1330 3806 sapientes
1349 3752 1409 3791 esse

227 3825 371 3894 putabant,
390 3843 416 3881 v.
428 3827 463 3881 M.
475 3826 603 3880 Mttller
626 3827 705 3882 Wcsa
724 3826 772 3881 der
788 3825 909 3895 Spracbc
926 3826 956 3879 II
967 3843 993 3893 p.
1006 3824 1065 3894 341,
1084 3825 1118 3879 Η.
1131 3825 1264 3879 Usener
1282 3821 1409 3877 Sintflub-

228 3928 312 3981 sagon
330 3928 355 3980 p.
375 3912 432 3980 243,
451 3912 484 3966 N.
503 3912 535 3965 G.
554 3912 686 3967 Politis
703 3914 721 3967 l.
741 3914 758 3967 l.
776 3929 802 3981 p.
820 3912 879 3967 816.
1042 3911 1063 3978 ³)
1080 3910 1151 3966 Vide
1169 3924 1253 3978 supra
1270 3925 1295 3976 p.
1314 3906 1355 3963 65.

314 3997 335 4065 ⁴)
354 4015 380 4052 r.
405 3998 430 4052 J.
454 3998 582 4052 Grimm
605 3998 623 4051 l.
647 3999 665 4052 l.
688 4015 714 4066 p.
738 3998 797 4052 604.
839 3998 969 4052 Germani
992 3998 1026 4051 de
1050 3996 1123 4051 Iovis
1147 4011 1229 4049 curru
1247 3993 1409 4062 cogitabant

229 4082 326 4149 (woeaa
343 4100 444 4153 wopan,
464 4083 499 4140 ib.
517 4100 543 4151 p.
562 4083 631 4151 125).
665 4083 771 4138 Similes
784 4085 978 4138 Germanorum
996 4082 1156 4150 sentcntiae,
1175 4081 1223 4148 qni
1236 4086 1265 4133 et
1277 4082 1409 4148 aratrum,

227 4173 309 4236 rotas,
327 4176 469 4238 temonem,
489 4185 571 4237 equos
589 4175 638 4224 aut
655 4169 736 4224 bores
760 4169 862 4224 temoni
880 4169 1009 4238 alligatos
1021 4168 1174 4236 conspicere
1191 4165 1244 4220 sibi
1262 4163 1316 4218 visi
1334 4170 1409 4233 sunt,

228 4261 421 4309 enumerantur
433 4271 450 4309 a
461 4255 492 4309 Ε.
505 4255 621 4322 Meyer
638 4254 667 4308 in
679 4255 741 4309 adn.
759 4254 795 4308 ib.
813 4271 839 4322 p.
854 4254 913 4309 212.
926 4285 959 4293 -
972 4254 1087 4308 Currum
1105 4251 1316 4321 appellaverunt
1333 4249 1408 4304 sidua

226 4338 247 4392 ii
260 4355 365 4407 quoque
383 4339 484 4409 populi,
502 4340 550 4407 qui
561 4341 596 4395 ad
614 4340 745 4395 orientem
757 4340 840 4394 solem
852 4340 1055 4408 habitaverunt,
1073 4357 1099 4394 v.
1118 4338 1259 4407 Epping
1277 4336 1408 4389 Astroao-
