3292 4958
175 389 233 477 39]
401 388 441 442 De
460 388 600 442 stellarum
618 387 799 455 appellatione
817 392 846 442 et
863 387 994 457 religione
1012 389 1134 442 Romana
1293 391 1353 454 131

177 561 266 626 enim
283 579 313 626 v.
330 579 355 625 c.
374 559 527 641 Hyginus
550 563 629 623 astr.
644 557 679 623 Π
694 557 736 623 35
751 578 780 638 p.
798 557 881 622 7413.
904 559 1035 624 stellam
1059 561 1222 639 quandam
1245 559 1366 625 canini

178 663 298 728 sideris
328 662 419 728 Isin
446 662 550 727 fuisse
581 665 742 742 vocatam,
772 680 869 741 quam
899 663 1035 726 eandem
1066 668 1100 726 et
1129 662 1234 728 Sirion
1266 661 1355 728 dicit..

176 766 245 831 Sed
267 785 338 830 cum
360 766 443 829 haec
465 763 645 845 appellatio
669 765 757 843 apud
779 763 940 828 Romanos
963 782 1027 828 non
1058 764 1127 828 late
1150 765 1297 845 viguerit
1320 770 1354 830 et

174 867 250 933 eius
269 868 413 950 vestigia
428 866 492 932 iam
509 871 664 947 congesta
680 866 782 931 sinte
798 866 858 932 Gu.
881 865 1069 932 Drexler
1086 867 1132 950 (in
1147 867 1355 932 Roscheri

178 971 241 1036 lex.
257 971 357 1052 myth.
372 989 395 1035 s.
411 990 440 1036 u.
456 970 520 1032 Isis
536 970 571 1034 ll
586 988 661 1051 pag.
676 968 752 1052 434)
776 988 1039 1035 commemorasse
1056 988 1126 1034 eam
1141 969 1224 1035 satis
1242 970 1354 1036 habeo.

350 1211 383 1278 ΙΙ.
420 1210 464 1278 ile
487 1208 687 1293 opinionibus
713 1225 784 1278 aum
809 1209 961 1278 canicula
984 1209 1179 1279 coniunctis.

265 1364 494 1446 Quaecumque
509 1361 629 1426 Sirium
652 1363 874 1441 sequebantur
897 1366 1045 1428 veterum
1063 1362 1230 1442 opiniones
1254 1381 1295 1426 er
1318 1381 1355 1426 eo

175 1466 339 1548 originem
362 1468 534 1546 duxerunt,
568 1467 654 1544 quod
684 1465 782 1529 stella
806 1465 924 1529 canina
952 1483 1046 1529 mane
1075 1465 1242 1529 oriebatur
1271 1464 1355 1529 Iulio

179 1586 289 1632 mense
312 1568 426 1632 diebus
448 1566 550 1632 totius
573 1566 651 1631 atini
674 1566 890 1632 calidissimis.
935 1567 982 1631 Ut
1004 1574 1099 1631 crant
1121 1569 1218 1631 rudes
1236 1566 1356 1647 populi,

45 1753 49 1758 Ι
176 1670 237 1750 qui
260 1689 431 1734 causarum
455 1688 572 1734 nexum
595 1669 716 1749 ubique
746 1674 892 1734 statuere
922 1670 1108 1750 studebant,
1139 1670 1278 1733 calorem
1307 1668 1356 1732 ni·

180 1773 278 1837 mium
299 1772 355 1852 qui
378 1779 452 1853 post
475 1772 645 1836 caniculae
668 1778 774 1837 ortum
804 1773 890 1853 ipsos
920 1775 1074 1853 vexabat,
1105 1778 1239 1852 propter
1268 1773 1356 1836 caui·

175 1875 286 1939 culam
310 1875 460 1938 accidere
482 1877 648 1954 putabant
671 1880 705 1938 et
719 1881 845 1939 aestum
869 1875 987 1939 adduci
1011 1875 1143 1939 astella
1158 1875 1218 1939 illa
1242 1875 1355 1939 existi·

180 1978 323 2042 mebant.
368 1976 466 2040 Ouius
497 1976 547 2041 rei
576 1976 763 2041 testimonio
797 1982 875 2041 sunt
905 1977 1002 2042 etiam
1036 1977 1192 2058 epitheta,
1223 1996 1305 2056 quae
1336 1996 1356 2041 a

178 2079 284 2160 poetis
302 2079 458 2144 Romanis
474 2078 560 2144 Sirio
577 2085 743 2159 tamquam
760 2080 879 2144 caloris
898 2080 1025 2144 auctori
1041 2081 1241 2145 tribuuntur.
1271 2081 1357 2144 Nou-

180 2182 271 2247 nulla
302 2181 421 2246 afferre
451 2181 558 2246 liceat.
571 2181 595 2265 1)
619 2181 725 2246 Sirius
755 2183 957 2262 appellatur:
988 2202 1086 2248 acer
1115 2184 1202 2247 blan.
1225 2183 1255 2247 V
1278 2183 1356 2261 2073

179 2284 287 2350 Valer.
312 2285 419 2348 Flacc.
443 2285 491 2348 VI
514 2284 584 2348 607.
629 2283 833 2349 aestifer:
856 2285 929 2349 Seu.
953 2285 1029 2349 Oed.
1052 2287 1108 2366 393
1128 2286 1202 2349 Rut.
1226 2285 1316 2349 Nam.
1340 2285 1357 2348 I

177 2388 242 2452 638
273 2386 379 2470 (PLM
403 2387 433 2451 V
455 2405 528 2468 pag.
551 2387 613 2469 27).
659 2386 874 2451 aestifero
901 2393 996 2452 ortu
1027 2389 1123 2450 Mart.
1148 2387 1224 2466 Cap.
1248 2387 1356 2451 1198.

177 2489 378 2555 aestivus
409 2489 480 2554 Tib.
503 2489 555 2553 Ill
578 2491 607 2569 b,
630 2491 649 2552 2
670 2489 712 2553 al.
756 2488 954 2553 fervidus
986 2489 1048 2578 Cic.
1075 2489 1357 2553 Arnemetiae.

180 2592 350 2673 fulgens
387 2592 486 2656 Mart.
524 2592 600 2671 cap.
638 2592 672 2656 Π
702 2593 751 2656 98.
802 2591 1068 2673 ignicomans
1105 2592 1166 2656 Au.
1199 2591 1234 2654 Π
1266 2591 1356 2655 1112.

178 2700 360 2776 portans
390 2694 594 2759 incendia
621 2695 708 2758 Mau.
738 2695 768 2758 V
792 2696 840 2758 17.
885 2694 1026 2759 siccus
1053 2695 1149 2774 Prop.
1172 2694 1224 2759 III
1253 2695 1305 2769 28,
1328 2696 1356 2757 4.

176 2797 438 2862 siticulosus
476 2797 584 2876 Priap.
608 2798 658 2878 63,
682 2799 709 2861 2.
766 2797 924 2862 sitiens
962 2797 1019 2862 Ov.
1051 2798 1121 2861 Art.
1145 2797 1262 2861 amll
1286 2798 1357 2862 231.

179 2905 349 2964 torrens
372 2905 406 2964 et
429 2898 672 2964 torrentior
695 2899 793 2980 Verg.
816 2899 933 2980 Georg.
949 2899 996 2962 IV
1012 2900 1091 2978 4243
1115 2899 1226 2964 Claud.
1244 2900 1357 2964 ΧΙ20.

265 3002 327 3067 Vel
343 3001 458 3066 omisso
481 3001 610 3066 nomine
627 3002 799 3082 appellant
814 3002 1027 3068 aestivum
1051 3003 1171 3066 sidus
1202 3001 1258 3066 Or.
1281 3002 1356 3066 Hal.

181 3107 250 3168 117.
296 3105 479 3169 calidum
501 3103 636 3169 sidus:
660 3104 730 3170 Tib.
753 3104 788 3168 ΙΙ
812 3107 839 3185 1,
861 3107 911 3168 47.
956 3105 1167 3170 rabiosum
1192 3104 1356 3186 siguum

178 3206 270 3290 (Hor.
294 3212 353 3271 sat.
376 3207 393 3271 Ι
416 3209 444 3288 6,
469 3207 546 3286 126;
567 3205 670 3289 (codd.
692 3207 841 3271 nonnulli
864 3213 898 3271 et
920 3207 1101 3290 Porphyrl.

265 3310 405 3390 Propter
422 3309 562 3373 calorem
585 3309 722 3373 allatum
746 3308 850 3373 Sirius
866 3310 1009 3373 babetur·
1029 3328 1087 3388 pro
1101 3309 1198 3374 stella
1221 3309 1357 3374 homini·

176 3411 240 3477 bus
263 3411 379 3477 invisa.
424 3412 497 3475 Huc
524 3418 692 3491 spectant:
724 3416 967 3491 corruptum
1002 3411 1120 3475 sidus
1150 3410 1263 3475 Claud.
1293 3411 1356 3475 XV

175 3514 236 3594 *40;
258 3514 387 3580 iubar
415 3533 547 3595 grave
571 3514 748 3580 adversi
771 3513 932 3578 sideris
956 3512 1040 3577 Stat.
1064 3513 1164 3577 Theb.
1189 3512 1254 3577 VII
1278 3514 1355 3591 71ος

178 3613 1355 3698 immodicusAvienlii293invisumagricolissidusHor.

175 3720 315 3800 satli,
338 3719 394 3799 253
427 3717 519 3800 igni
545 3719 779 3800 implacido
802 3719 954 3785 letalis
975 3718 1059 3782 Stat.
1082 3718 1160 3783 Silv.
1183 3717 1218 3782 H
1235 3720 1262 3800 1,
1278 3719 1355 3796 2163

178 3821 328 3888 laevus
359 3821 475 3903 ignis
505 3822 589 3888 Stat.
620 3823 721 3887 Theb.
751 3823 868 3902 16343
899 3823 1063 3888 laevum
1091 3821 1229 3885 lumen
1258 3821 1356 3901 Verg.

178 3925 258 3989 Aen.
281 3925 314 3989 X
336 3926 407 3989 275.
1171 3910 1174 3915 ’

264 4027 435 4091 Putabant
457 4033 567 4092 autem
591 4026 666 4091 huic
688 4026 790 4091 sideri
813 4027 880 4091 vim
902 4029 1065 4107 quandam
1088 4026 1195 4091 inesse
1218 4025 1356 4091 nocendi

177 4128 363 4194 hominibus
386 4129 477 4211 agris
500 4129 615 4194 bestiis
647 4128 747 4193 nimio
777 4129 885 4195 calore
914 4129 1066 4194 immisso.
1111 4128 1224 4194 Talem
1247 4133 1355 4194 autem

181 4251 385 4260 ..ᾗ-ψ...-

267 4299 286 4366 ¹)
305 4298 432 4354 Consulto
451 4299 528 4353 omisi
543 4315 583 4366 ea,
602 4314 671 4366 quae
683 4297 738 4352 iam
750 4298 775 4351 J.
788 4299 819 4353 B.
838 4299 961 4352 Carter
980 4296 1116 4365 congessit
1127 4295 1156 4353 in
1168 4296 1356 4367 supplemento

174 4382 213 4436 sd
232 4383 401 4439 Roscheri
419 4384 522 4438 lexicon
541 4385 634 4439 addito
652 4399 715 4452 pag.
734 4382 775 4436 92.
