3292 4958
175 382 251 463 109]
398 382 439 436 De
456 380 597 436 stellarum
616 379 798 449 appellatione
815 384 844 434 et
860 379 991 450 religione
1005 356 1133 435 'Romane
1291 379 1354 447 201

174 571 234 619 eas
257 551 388 618 derivat
411 551 631 617 1111111111.
678 551 772 632 Quod
794 568 866 616 cum
888 549 939 615 ita
960 551 1014 633 sit,
1044 551 1133 616 haud
1161 550 1355 616 mirabimur

175 655 374 721 recentiores
397 673 417 719 a
437 656 585 720 veterum
608 651 815 734 opinionibus
837 652 1012 720 recessisse
1042 658 1076 718 et
1105 672 1208 722 novas
1231 658 1356 736 etymo-

175 757 280 839 logias
302 756 469 822 statuisse.
515 756 659 837 Quorum
681 755 720 822 G.
737 754 872 822 Vossius
894 756 915 820 l.
933 757 954 820 l.
976 774 1000 821 s.
1022 775 1054 822 1.
1068 755 1201 822 deducit
1223 756 1354 822 stellam

173 881 197 923 a
219 858 313 935 σέλας
334 860 439 923 lumea
460 858 616 922 adiectae
637 859 683 922 ccl
703 879 724 922 a
744 856 844 921 vetto
867 855 1052 943 (11111111)
1070 859 1246 939 praeposito
1267 858 1355 922 sibilo

176 963 222 1026 vel
242 962 325 1046 quod
345 962 501 1045 imprimis
529 961 632 1041 placet
657 959 727 1023 κατ’
757 959 928 1044 ἀφαίρεσιν
953 960 991 1042 fit
1011 981 1048 1026 ec
1068 959 1196 1045 ἀστέρα.
1219 1047 1221 1051 Ι
1245 962 1355 1041 Atque

174 1065 347 1130 confirmat
375 1065 460 1129 hanc
486 1062 707 1129 coniecturam
736 1081 782 1146 eo,
812 1065 898 1144 quod
926 1064 1024 1129 latini
1051 1082 1145 1130 casus
1166 1063 1205 1127 ab
1227 1063 1356 1147 obliquis

176 1166 367 1230 Graecorum
383 1173 481 1230 rectos
494 1186 566 1230 suos
578 1165 707 1247 firmare
720 1166 823 1231 colent.
845 1167 939 1248 Quae
954 1165 1097 1233 vossii
1112 1165 1356 1232 autoschedies·

176 1277 266 1334 matu
295 1268 475 1350 posteriore
504 1287 586 1335 aevo
617 1288 638 1334 a
666 1268 748 1336 viris
778 1269 883 1344 doctis
909 1269 1006 1352 longe
1034 1268 1154 1335 relicta
1183 1273 1270 1350 sunt,
1299 1267 1355 1349 qui

175 1376 401 1453 cognoverunt
424 1371 555 1437 stellam
573 1373 746 1437 deductam
769 1390 840 1438 esse
862 1390 904 1437 ex
926 1370 1030 1436 forma
1051 1371 1206 1456 11111111)
1251 1371 1355 1452 Quam

176 1472 314 1539 formam
336 1475 479 1554 pendere
502 1493 543 1540 ex
565 1473 677 1539 radice
698 1478 773 1556 star,
795 1492 878 1554 quae
894 1475 1007 1539 eadem
1030 1477 1182 1540 recurrat
1203 1475 1238 1539 in
1253 1474 1355 1541 verbo

174 1580 318 1659 11111111,
340 1576 451 1641 itaut
473 1576 589 1641 stellae
612 1577 828 1658 appellentur,
859 1580 918 1641 aut
948 1578 1034 1657 quod
1054 1577 1091 1641 in
1113 1577 1203 1642 caelo
1225 1580 1355 1642 stratae

175 1679 252 1760 sint,
283 1682 343 1744 aut
373 1680 458 1758 quod
486 1678 579 1759 ipsae
609 1679 719 1744 lumen
748 1678 937 1764 sternanab
989 1679 1054 1745 Sed
1089 1680 1174 1744 hanc
1207 1678 1356 1745 ultimam

177 1779 376 1845 sententiam
388 1779 606 1847 labefactavit
618 1780 657 1846 G.
671 1779 846 1846 Curtius
857 1781 909 1846 1.1.
921 1780 1032 1863 paee,
1046 1783 1123 1846 dum
1135 1781 1279 1846 radicem
1291 1787 1357 1844 star

176 1884 216 1948 de
239 1883 312 1948 luce
334 1901 495 1963 nusquam
525 1883 685 1964 adhiberi,
720 1883 799 1964 quin
829 1883 925 1950 immo
948 1884 1046 1950 huius
1067 1883 1190 1949 radicis
1212 1883 1354 1965 primiti·

176 2003 252 2051 vam
267 1983 334 2052 vim
350 1984 456 2064 qualis
468 1984 570 2050 fuerit
585 1985 690 2051 statui
701 1986 798 2051 hodie
813 1985 880 2051 iam
891 2005 955 2052 non
967 2004 1062 2068 posse
1078 1984 1355 2069 demonstravit.⁸)

177 2088 287 2169 Quare
309 2088 555 2167 acquiescamus
578 2088 783 2155 affirmantes
798 2089 920 2154 stellam
942 2109 961 2155 a
984 2088 1095 2155 radice
1117 2094 1186 2152 star
1207 2089 1355 2155 incertae

175 2189 319 2256 notionis
341 2209 412 2256 esse
441 2191 637 2257 derivatam.

262 2292 315 2357 Ab
328 2295 442 2358 eadem
453 2292 564 2359 radice
576 2295 698 2375 pendet
710 2293 910 2359 Graecorum
922 2291 1075 2377 dorpor,⁴)
1087 2294 1172 2373 quod
1183 2295 1356 2376 Augustea

175 2395 245 2460 iere
268 2398 381 2460 aetate
404 2395 656 2461 aRomanorum
678 2395 785 2477 poetis
806 2401 973 2477 receptum
996 2399 1031 2461 et
1052 2397 1163 2460 eodem
1178 2396 1270 2461 modo
1294 2413 1356 2476 quo

175 2496 295 2562 stellae
313 2515 429 2562 nomen
445 2502 638 2579 usurpatum
661 2503 721 2563 est.
766 2497 865 2564 Cuius
879 2497 929 2563 rei
944 2499 1094 2579 exempla
1109 2499 1228 2563 afferre
1244 2516 1358 2578 super-

177 2602 281 2681 sedeo,
312 2618 384 2665 eum
414 2599 523 2665 omnia
552 2600 711 2666 exhibeat
741 2602 930 2666 Thesaurus
958 2599 1094 2682 linguae
1123 2599 1249 2665 latinae
1278 2619 1303 2665 s.
1325 2619 1358 2667 v.

174 2709 305 2768 aetram.
349 2702 419 2768 Nec
440 2721 504 2769 non
527 2704 640 2768 eadem
659 2706 710 2768 est
732 2703 823 2785 origo
838 2704 928 2770 vocis
943 2709 1031 2785 asur,
1054 2721 1138 2783 quae
1152 2720 1231 2770 vero
1245 2702 1357 2769 rarius

176 2803 300 2886 legitur
326 2803 524 2869 aRomanis
554 2803 712 2870 adhibita.
764 2804 845 2871 Loci
874 2804 991 2886 quibus
1021 2804 1147 2886 scripta
1176 2805 1237 2888 sit,
1265 2806 1357 2888 leges

177 2905 432 2989 diligentissime
455 2906 607 2972 collectos
628 2906 663 2972 in
686 2907 855 2973 Thesauro
870 2907 1003 2991 linguae
1021 2908 1148 2974 latinae
1168 2926 1193 2974 s.
1214 2926 1245 2974 v.
1267 2913 1359 2975 aster.

263 3025 330 3091 Ubi
351 3024 500 3108 singulas
523 3027 639 3092 stellas
668 3046 732 3093 uno
754 3032 931 3109 conspectu
954 3028 1181 3094 consideratas
1211 3026 1246 3093 in
1277 3028 1357 3094 ima·

177 3127 288 3210 ginem
303 3129 468 3208 quandam
483 3134 741 3211 composuerunt,
764 3131 849 3195 hanc
864 3129 1039 3211 imaginem
1054 3130 1145 3194 111111
1161 3131 1216 3197 vel
1230 3132 1358 3212 sipaam

177 3230 315 3295 Romani
331 3231 551 3312 appellarunt,
567 3249 703 3310 quorum
718 3232 844 3315 siquam
861 3231 980 3314 quippe
996 3234 1082 3312 quod
1100 3251 1159 3313 per
1170 3251 1207 3298 se
1221 3233 1356 3314 planum

176 3331 233 3415 sit,
254 3332 475 3414 explicatione
496 3351 561 3398 non
583 3332 722 3415 indiget.

266 3434 309 3498 81·
315 3435 404 3517 das,
426 3437 530 3498 -cra's
551 3440 671 3500 neuin:
700 3434 789 3502 vocis
811 3434 972 3517 originem
994 3439 1126 3502 veteres
1148 3434 1243 3502 vario
1264 3437 1358 3502 modo

177 3537 404 3603 declarabant.
448 3538 554 3603 Varro
576 3537 662 3603 enim
684 3537 707 3602 l.
729 3537 750 3603 1.
772 3537 839 3604 111
870 3538 910 3602 14
941 3537 1121 3619 composuit
1154 3556 1225 3603 cum
1255 3539 1358 3605 verbo

176 3639 318 3723 insilere,
340 3639 485 3705 Isidorus
508 3639 560 3725 (de
583 3639 650 3706 diff.
673 3641 763 3708 verb.
787 3640 859 3722 495,
883 3639 963 3724 orig.
984 3640 1038 3705 ΙΠ
1054 3641 1103 3724 10,
1125 3641 1158 3725 4)
1192 3659 1265 3706 cum
1287 3660 1358 3705 coa·

267 3844 288 3914 ¹)
306 3845 339 3900 V.
357 3844 389 3898 L.
402 3843 592 3899 Diderlein
609 3845 627 3900 l.
640 3845 658 3900 l.
672 3845 712 3900 IV
727 3862 752 3914 p.
765 3846 824 3915 413,
842 3846 875 3900 A.
887 3846 917 3901 F.
930 3846 1014 3901 Pott
1030 3845 1152 3916 Etymol.
1164 3844 1358 3916 Foracbuapec

177 3929 208 3983 II
224 3930 242 3983 3
259 3946 285 3998 p.
298 3929 362 3998 7083
381 3930 414 3984 A.
432 3930 530 3987 Walde
547 3933 565 3986 l.
584 3931 601 3984 l.
618 3948 644 3999 p.
662 3930 713 3984 593
731 3948 752 3986 s.
768 3948 794 3987 1.

266 4013 289 4083 ¹)
307 4015 340 4070 V.
367 4015 424 4071 Th.
448 4017 583 4085 Beniey
607 4017 662 4072 1.1.
686 4018 701 4071 I
724 4033 749 4084 p.
768 4017 826 4085 661,
851 4017 884 4071 A.
908 4018 939 4072 1.
963 4016 1046 4072 Pott
1071 4017 1090 4073 l.
1113 4017 1132 4073 l.
1155 4016 1185 4071 II
1207 4016 1225 4069 3
1248 4033 1274 4085 p.
1293 4015 1357 4088 708;

178 4100 212 4155 A.
229 4100 352 4156 111111
370 4101 387 4154 1.
405 4102 424 4156 1.
442 4119 468 4170 p.
486 4102 538 4156 593
555 4119 576 4156 s.
594 4118 621 4156 1.
1186 4171 1189 4176 ¹

267 4183 288 4254 ’1
304 4186 398 4254 Neque
416 4187 531 4242 deerant
555 4187 603 4256 qui
620 4187 814 4242 contenderent
836 4203 928 4242 vocem
951 4203 1010 4243 esee
1033 4193 1169 4256 sumptam
1196 4204 1231 4244 ex
1252 4188 1358 4260 lingua,

174 4285 234 4339 qna
250 4270 294 4326 usi
305 4271 362 4326 sint
374 4272 499 4340 semitae,
517 4289 544 4328 1.
557 4276 589 4329 A.
607 4272 727 4328 Walde
739 4273 758 4327 l.
772 4274 805 4327 l.:
823 4274 871 4328 sed
882 4289 943 4328 cum
954 4272 1031 4343 origo
1049 4273 1244 4343 indegermana
1261 4275 1360 4346 negari

177 4372 233 4411 non
250 4357 344 4427 possit,
363 4357 429 4414 haec
447 4359 578 4430 cogitatio
596 4358 731 4415 reicienda
748 4363 799 4414 est.
970 4358 993 4429 ⁴)
1009 4359 1094 4416 1.-Δ.
1112 4359 1235 4416 111111
1251 4361 1270 4417 1.
1288 4361 1308 4417 l.
