3292 4958
229 365 295 432 222
678 359 829 415 Guilelmus
847 358 954 414 Gundcl
1333 357 1411 448 [130

229 537 336 603 Vetus
357 533 418 599 illa
432 531 600 614 popularis
615 530 724 612 opinio
741 532 781 596 de
798 529 891 596 aeria
913 530 1094 596 animarum
1112 530 1255 611 corporis
1271 531 1412 599 vinculis

200 701 203 705 .
230 639 414 705 solutorum
444 636 516 702 vita
538 633 643 700 tradit
665 634 878 715 Pythagorae
901 635 987 713 quod
1013 633 1121 698 fertur
1142 651 1240 699 carm.
1261 653 1330 700 aur.
1354 636 1411 701 70:

385 737 422 822 ἥν
444 735 474 800 d'
497 734 684 818 ἀπολείψεις
707 745 800 815 σῶμα
822 730 854 810 ἐς
876 731 986 818 αἰθέρ’
1009 730 1177 819 ἐλεύθερον
1198 731 1307 820 ἔλθῃς,

385 837 495 904 ἔσσεαι
517 837 689 912 ἀθαιαιός,
711 836 789 914 θεός
811 837 982 921 ἄμβροτος,
1008 836 1065 901 οὐκ
1086 833 1133 900 du
1154 837 1279 922 θνηιός.

230 945 322 1011 Haec
353 943 495 1008 adaucta
521 947 572 1007 est
602 958 655 1024 eo,
686 943 771 1021 quod
800 940 835 1005 hi
871 939 924 1006 dei
962 940 1080 1006 stellae
1115 941 1377 1022 appellabantur.
1385 941 1412 1024 1)

230 1047 339 1112 Multa
358 1046 461 1113 verba
475 1043 559 1110 facit
573 1043 810 1124 Aristophanes
831 1042 866 1108 in
882 1044 970 1108 Pace
985 1043 1151 1109 comoedia
1165 1043 1242 1109 Inde
1258 1062 1278 1108 a
1293 1063 1323 1111 v.
1339 1045 1412 1127 820,

230 1149 288 1215 ubi
311 1149 484 1230 Trygaeus
507 1165 525 1212 e
548 1145 638 1212 caelo
660 1146 764 1211 redux
785 1150 903 1211 narrat
933 1164 1018 1225 quae
1040 1145 1129 1210 inter
1158 1151 1252 1212 astra
1273 1146 1411 1214 viderit:

231 1268 289 1316 eas
312 1268 386 1315 esse
408 1247 533 1314 animas
559 1247 754 1330 mortalium,
783 1248 901 1328 quibus
929 1251 998 1312 turn
1023 1247 1216 1314 accessisset
1244 1253 1412 1330 tamquam

231 1350 318 1420 n‘ova
347 1352 447 1418 stella
476 1352 535 1417 Ion
564 1357 663 1432 poeta
686 1350 850 1433 tragicus,
880 1352 922 1416 ab
952 1349 1114 1418 universIs
1142 1349 1242 1417 astris
1264 1350 1413 1418 Luciferi

161 1446 165 1454 ’
230 1454 359 1522 nomine
381 1453 555 1520 salutatus.
598 1454 645 1519 Et
660 1472 778 1520 revera
792 1452 896 1519 fuisse
915 1452 1003 1517 inter
1017 1453 1248 1536 Athenienses,
1271 1454 1328 1535 qui
1349 1453 1413 1520 tali

231 1566 471 1643 καταοιεριομῷ
492 1557 589 1622 fidem
610 1557 780 1639 haberent,
804 1574 822 1621 e
843 1555 1009 1621 nonnullis
1038 1555 1147 1622 titulis
1173 1556 1413 1637 sepulcralibus

231 1663 347 1745 elucet,
370 1679 504 1742 quorum
525 1658 615 1744 duos}
629 1664 742 1725 tresve
764 1658 908 1724 afferam.
951 1658 1045 1724 Unus
1067 1658 1175 1725 editus
1197 1663 1248 1724 est
1270 1659 1413 1743 Bulleto'u

232 1763 269 1827 de
290 1763 483 1844 correspond.
504 1761 609 1826 hellen.
626 1761 711 1826 VIII
734 1762 818 1827 1884
840 1780 914 1843 pag.
937 1761 1001 1826 448
1023 1779 1064 1826 no
1085 1761 1141 1826 12:

384 1863 484 1949 μήιηρ
506 1864 550 1949 μή
570 1886 611 1944 με
633 1860 758 1947 δάκρυε.
779 1865 829 1938 τίς
849 1861 868 1945 ἡ
891 1862 999 1946 χάρις;
1024 1860 1105 1926 ἀλλὰ
1127 1861 1272 1945 σεβάζου.

386 1964 484 2049 ἀστὴρ
505 1964 566 2049 γὰρ
588 1964 722 2051 γενόμην
745 1967 837 2041 θεοῖς
859 1963 1079 2050 ἀκρεσιιέριος.

231 2067 278 2133 Et
300 2066 393 2132 Arci.
415 2070 510 2151 epigr.
532 2067 613 2132 Mtte.
635 2088 693 2130 aus
716 2066 904 2131 Oesterrciob
925 2068 978 2132 XI
1000 2068 1082 2134 1887
1105 2071 1181 2150 pag.
1206 2069 1283 2134 189:

386 2168 479 2253 ψυχὰ
501 2167 539 2232 δέ
558 2191 617 2250 μου
639 2167 722 2252 πρὸς
744 2168 844 2255 ἄστρα
865 2169 921 2233 καὶ
945 2169 1045 2245 θεοὺς
1067 2166 1131 2255 ἔβη.

232 2271 383 2353 Denique
405 2271 654 2339 reminiscamur
683 2272 933 2354 epigrammatis
962 2272 1052 2338 illius
1081 2271 1248 2339 Platonici
1276 2268 1415 2358 ἕσπερος

233 2373 266 2439 ἐν
288 2376 473 2460 φθιμένοις,
496 2377 537 2441 de
560 2394 623 2456 quo
644 2374 766 2441 dictum
789 2379 840 2441 est
862 2394 963 2456 supra
981 2394 1056 2458 pag.
1078 2375 1158 2460 26.²)
1208 2374 1256 2441 Et
1276 2377 1413 2442 eandem

232 2477 418 2560 opinionem
440 2482 592 2561 spectare
614 2477 755 2562 videtur,
778 2480 863 2558 quod
891 2482 1090 2543 mortuorum
1112 2477 1273 2559 sepulcris
1295 2477 1413 2544 stellae

233 2579 398 2646 interdum
414 2580 653 2663 insculpuntur‚
672 2600 703 2648 v.
717 2580 919 2662 Antiphanis
935 2579 1053 2645 stelam
1069 2578 1296 2664 (coozono.
1312 2578 1413 2644 Grab-

232 2684 337 2767 reliefs
358 2684 377 2748 I
398 2684 466 2749 tab.
485 2684 594 2769 ΧΠΙ).

319 2784 446 2866 Quibus
467 2784 615 2851 omnibus
629 2788 826 2866 respondent
841 2786 1057 2850 Romanorum
1076 2783 1288 2850 imitationes.
1332 2783 1414 2866 Epi·
1527 2845 1529 2848 .

233 2890 452 2970 grammatum
467 2905 640 2953 memorem
662 2887 755 2953 PLM
777 2887 831 2952 III
851 2906 926 2968 pag.
948 2887 1010 2952 271
1033 2906 1065 2954 v.
1087 2887 1123 2954 5:

388 3007 480 3054 mens
502 2988 593 3056 videt
615 2994 716 3072 astra,
739 2988 832 3070 quies
853 2988 972 3055 tumuli
993 2987 1222 3072 complectitur
1244 2992 1345 3054 artus.

233 3090 280 3156 Et
310 3091 426 3156 stellas
456 3090 490 3155 in
524 3091 743 3158 Romanorum
776 3090 935 3173 sepulcris
968 3091 1108 3173 conspici
1143 3090 1274 3173 saepius
1306 3110 1327 3157 a
1356 3090 1412 3159 Fr.

233 3192 444 3259 Bicheler
462 3193 497 3259 in
521 3193 793 3278 epigrammatum
817 3194 1007 3261 collectione
1030 3195 1074 3279 (v.
1095 3193 1414 3278 pagrasorum

232 3297 353 3378 adnot,
382 3315 458 3379 pag.
482 3298 545 3364 114
575 3317 623 3380 ep.
645 3300 707 3363 241
731 3296 818 3382 adn.)
847 3300 1126 3363 commemoratur.
1183 3294 1304 3361 Rarius
1333 3313 1413 3362 vero

234 3402 352 3480 poetae
390 3398 590 3466 carminibus
628 3400 715 3467 hanc
753 3400 1000 3482 peregrinorum
1033 3397 1216 3464 doctrinam
1248 3396 1414 3480 inserunt3

232 3503 369 3567 adamat
390 3501 479 3568 solus
501 3500 659 3568 Manilius
681 3521 754 3568 eam
777 3502 952 3568 defendere
973 3502 1022 3568 IV
1044 3501 1123 3566 885:

748 3603 919 3688 genitique
942 3601 1125 3669 accedimus
1148 3601 1259 3685 astris,

389 3724 432 3771 an
454 3704 589 3772 dubium
611 3711 671 3789 est,
695 3706 848 3773 habitare
868 3708 965 3772 deum
986 3707 1046 3772 sub
1068 3709 1201 3787 pectore
1223 3707 1335 3771 nostro

387 3807 422 3872 in
445 3807 634 3889 caelumque
657 3807 766 3874 redire
787 3808 923 3883 animas,
946 3807 1101 3888 caeloque
1119 3805 1255 3875 venire?

233 3924 282 3991 Et
298 3928 338 3991 de
356 3925 496 3993 hominis
514 3926 621 3993 animo
643 3932 763 3994 cuncta
785 3929 992 4012 gubernante
1015 3926 1273 4009 virtutibusque,
1296 3923 1415 4008 quibus

233 4032 367 4110 praeter
389 4035 502 4097 cetera
525 4028 682 4096 animah'a
703 4029 807 4112 floret,
829 4030 965 4112 loquens
987 4029 1081 4096 addit
1102 4047 1203 4097 versu
1226 4028 1308 4096 910:

321 4164 341 4234 ¹)
360 4166 547 4235 Pythagoram
575 4165 665 4236 ipsum
689 4171 718 4222 et
741 4167 884 4222 Platonem
907 4165 936 4221 in
961 4166 1069 4222 stellam
1093 4170 1214 4221 mutatos
1238 4180 1297 4220 esse
1327 4163 1416 4219 tradit

234 4248 315 4305 biart.
334 4251 398 4318 Cap.
416 4251 446 4305 11
464 4251 522 4306 125.

321 4335 342 4404 ²)
361 4337 394 4391 V.
412 4336 581 4406 Epignomm.
599 4353 688 4408 graec.
707 4353 741 4392 ex
758 4337 894 4407 lapidibus
912 4338 1034 4393 conlecta
1051 4337 1097 4392 Νι.
1115 4336 1168 4391 660
1185 4352 1211 4391 u.
1231 4334 1311 4404 llsq.
