3278 4964
230 388 305 478 115]
451 391 492 445 De
511 390 651 445 stellarum
670 388 852 461 appellatione
869 395 898 444 et
914 388 1046 458 religione
1064 388 1186 444 Romana
1343 391 1406 458 207

227 562 340 626 scitust
362 581 455 644 quam
477 560 581 625 halitu
604 568 759 624 tamarum
781 563 983 627 susttumtur.
1025 559 1095 624 Hoc
1123 560 1189 626 ula
1216 561 1406 647 alimentum,

226 664 275 728 tic
293 671 407 746 pastus
434 663 513 749 esc1)
568 663 638 728 Nec
658 669 769 730 tamen
792 668 927 729 cunctos
949 663 1112 729 Romanos
1140 664 1191 730 ita
1220 683 1292 731 cum
1321 666 1407 747 sapi-

228 767 359 833 entibus
389 766 567 848 cogitasse,
596 768 708 833 eodem
738 765 903 832 Ciceronis
935 766 1006 831 loco
1035 768 1187 832 docemur
1215 785 1310 847 quem
1339 768 1406 834 iam

227 869 329 936 semel
350 869 532 950 attulimus,
555 870 595 934 de
616 874 685 934 nat.
715 871 799 934 deor.
821 869 857 933 Il
879 869 930 952 59,
960 867 1017 934 ubi
1040 869 1156 934 stellas
1185 888 1291 950 neque
1321 871 1406 937 esais

227 991 332 1053 neque
368 971 591 1056 potionibus2)
633 971 680 1036 ali
719 976 899 1037 asseverat.
961 970 1054 1055 Quod
1094 972 1222 1052 poetice
1266 973 1407 1040 retinuit

228 1075 402 1141 Salvianus
425 1093 678 1140 commemorans
701 1073 754 1158 (de
784 1074 957 1156 gubernat.
980 1074 1033 1139 dei
1056 1074 1073 1138 Ι
1094 1076 1145 1157 43,
1175 1076 1267 1157 Corp.
1289 1075 1408 1158 Script.

229 1177 340 1244 eccles.
362 1178 421 1242 lat.
442 1176 527 1242 VIII
549 1175 604 1260 21)
627 1175 736 1239 datum
757 1196 813 1259 per
835 1176 1048 1259 quadrapo'ata
1070 1197 1170 1242 cauas
1184 1181 1279 1243 astris
1299 1172 1408 1244 cotidie

223 1279 457 1362 famulantibus
477 1279 588 1344 cibum.

313 1400 426 1480 thue
447 1397 615 1464 alimentis
644 1397 838 1463 nutriuntur
860 1398 986 1481 stellae,
1009 1397 1058 1462 ita
1080 1403 1115 1464 et
1137 1399 1278 1466 invicem
1305 1400 1406 1486 ἀπορ-

228 1503 320 1586 ροίας
335 1503 493 1582 quasdam
508 1502 659 1584 reddunt,
678 1501 786 1565 lumen
803 1505 838 1565 et
854 1500 964 1567 radios
981 1499 1061 1566 dico.
1091 1501 1292 1584 Quinetiam
1309 1522 1405 1583 quem

227 1605 461 1670 decedentibus
484 1602 591 1668 stellis
613 1621 708 1668 mane
730 1602 944 1683 reperiebant
965 1621 1081 1684 rorem,
1103 1603 1300 1671 esideribus
1324 1607 1406 1671 ceci·

227 1707 314 1772 disse
335 1705 502 1786 putabant
522 1703 692 1789 veteres.⁸)
736 1704 790 1770 SIc
808 1704 977 1787 Vergilius
1000 1705 1082 1770 Aen.
1104 1706 1158 1771 III
1172 1707 1235 1772 567
1258 1708 1407 1788 appellat

229 1813 321 1874 astra
342 1808 500 1891 rorantia,
530 1806 621 1873 cuius
652 1806 815 1888 opinionis
846 1808 996 1888 exempla
1025 1808 1192 1874 crebriora
1220 1808 1313 1893 finnt,
1342 1829 1406 1891 quo

228 1911 328 1977 altius
364 1912 398 1975 in
436 1910 569 1977 saecula
606 1909 838 1975 descendimus.
896 1910 951 1974 Ita
985 1909 1125 1992 legimus
1161 1911 1197 1976 in
1229 1912 1407 1995 pervigilio

228 2013 368 2080 Veneris
390 2033 421 2080 v.
443 2014 501 2078 20:

381 2134 506 2199 Humor
527 2133 593 2215 ille,
616 2152 712 2214 quem
734 2133 860 2199 serenis
883 2138 976 2199 astra
1001 2138 1118 2199 rorant
1139 2134 1299 2200 noctibus

313 2256 443 2319 Addam
473 2253 628 2336 Fulgent.
657 2254 761 2335 Myth.
791 2254 887 2334 111;
921 2272 1049 2318 carmen
1082 2256 1122 2318 de
1152 2272 1215 2321 ave
1244 2253 1406 2320 Phoenice

228 2357 322 2422 PLM
337 2357 389 2422 III
411 2375 486 2438 pag.
502 2357 565 2422 258
588 2376 617 2422 ν.
639 2357 716 2436 111;
739 2355 892 2437 cyprian.
908 2354 1044 2436 Heptat.
1060 2356 1141 2421 Gen.
1156 2356 1235 2436 3343
1258 2355 1406 2421 Salvian.

229 2461 270 2524 de
287 2459 423 2542 gubern.
446 2457 499 2523 dei
520 2458 537 2522 Ι
559 2459 602 2523 43
624 2456 731 2540 (Corp.
753 2457 863 2544 script.
888 2457 1002 2523 eccles.
1022 2458 1080 2522 lat.
1103 2457 1189 2523 VIII
1211 2457 1274 2540 21).

314 2579 353 2644 In
368 2577 555 2643 memoriam
570 2576 663 2642 nobis
678 2577 821 2642 hocloco
837 2595 985 2642 revocem
1006 2578 1070 2641 mel
1085 2594 1213 2656 quoque
1228 2579 1406 2642 secundum

228 2682 454 2747 nonnullorum
477 2680 661 2760 opinionem
686 2678 849 2744 destillari
868 2677 1077 2761 asideribns,
1100 2697 1164 2759 qua
1186 2680 1227 2745 de
1249 2697 1286 2745 re
1306 2697 1407 2761 supra

229 2803 303 2866 pag.
323 2783 366 2849 45
389 2783 516 2864 egimus
538 2782 647 2847 PlinIo
670 2787 764 2864 teste,
788 2782 843 2862 qui
872 2781 968 2847 addit
989 2781 1064 2848 Nat.
1087 2781 1164 2848 hist.
1186 2781 1238 2847 XI
1260 2783 1317 2848 30:
1346 2785 1408 2847 sim

228 2887 282 2950 illc
303 2891 347 2950 est
367 2887 444 2950 caeti
464 2885 568 2968 sudor,
589 2887 652 2948 stoc
674 2884 826 2969 quaedam
856 2884 992 2948 siderum
1015 2884 1123 2968 saliua,
1151 2886 1212 2949 stoc
1237 2887 1408 2966 purpautt's

228 3010 260 3053 sc
281 2992 364 3053 aeris
384 2987 515 3073 sucus.⁴)

313 3110 454 3175 Praeter
476 3107 634 3173 alimenta
655 3106 800 3173 homines
821 3106 991 3174 lavatione
1005 3106 1164 3189 indigent.
1208 3105 1323 3173 Etiam
1345 3108 1406 3175 hoc

229 3212 335 3278 stellis
358 3211 600 3293 attribuerunt,
631 3229 712 3291 quas
742 3209 871 3275 Oceano
904 3210 1029 3274 tinctas
1057 3209 1203 3274 recreem
1231 3210 1405 3289 putabant.

230 3314 322 3397 Quod
343 3318 453 3379 tamen
476 3311 581 3395 magis
598 3312 798 3378 Graecorum
819 3311 990 3377 inventum
1012 3309 1198 3391 putaverim
1220 3309 1343 3375 maiore
1366 3328 1408 3375 ex

229 3421 325 3497 parte
354 3434 445 3481 mare
475 3414 691 3480 accolentium
726 3432 824 3494 qnam
854 3413 1049 3478 Latinorum
1086 3417 1211 3476 montes
1241 3412 1406 3492 collesque

228 3517 487 3602 habitantiuml)
532 3518 581 3583 De
605 3517 802 3583 Graecorum
831 3515 912 3581 locIs
942 3516 1006 3580 huc
1028 3512 1254 3595 spectantibus
1280 3512 1408 3597 egimus

317 3687 336 3757 ¹)
355 3687 516 3742 Accuratiac
534 3687 605 3741 idem
623 3690 745 3740 cometae
763 3684 923 3739 alimentum
941 3683 1070 3739 describit
1086 3683 1187 3739 ibidem
1205 3684 1262 3740 VH
1279 3683 1321 3753 21,
1340 3683 1364 3737 1.

315 3772 337 3842 ²)
355 3772 479 3827 Nubibus
497 3779 526 3826 et
542 3771 624 3826 imbri
641 3776 791 3840 pascuntur
809 3776 913 3838 septem
931 3769 1042 3838 triones,
1060 3785 1087 3824 v.
1105 3785 1188 3838 snpra
1204 3786 1231 3838 p.
1250 3769 1292 3823 79.

317 3858 337 3928 ⁸)
355 3858 492 3927 ImprimIs
501 3860 535 3913 de
544 3859 617 3927 luna,
630 3874 656 3912 v.
667 3857 711 3912 W.
720 3857 755 3912 H.
767 3857 922 3911 Roscher
931 3855 1024 3911 Soleae
1032 3855 1091 3910 uad
1102 3855 1282 3925 choaudtre,
1295 3854 1407 3923 Lipsiae

230 3943 298 3999 1890
314 3960 377 4013 pag.
396 3944 429 3997 49
437 3959 524 4012 seqq.;
542 3944 576 3997 de
593 3942 706 3997 lucifero
724 3948 833 3997 rorante
851 3941 914 3997 vide
932 3958 1015 4010 supra
1031 3957 1095 4011 pag.
1113 3940 1155 3996 25.

314 4031 336 4098 ⁴)
354 4030 387 4085 V.
405 4029 449 4084 W.
467 4029 501 4083 H.
519 4029 673 4083 Roscher
688 4026 794 4081 Nettar
805 4026 863 4081 aad
874 4026 1021 4081 Ambrosia
1036 4025 1223 4095 pag.13rqq.;
1243 4024 1336 4079 Salem
1347 4024 1409 4079 aad

236 4113 409 4169 Verwaudtca
426 4131 488 4184 pag.
508 4113 542 4167 65
559 4118 588 4168 et
605 4130 669 4182 pag.
687 4113 722 4166 49
740 4113 801 4166 adn.
821 4113 878 4166 199.

316 4199 338 4269 ⁸)
356 4200 472 4254 Romani
489 4199 513 4254 si
531 4199 596 4267 qnid
614 4199 666 4252 hac
683 4198 717 4252 de
734 4214 765 4252 re
782 4197 941 4266 cogitarant
964 4203 1039 4251 asma
1062 4196 1091 4250 in
1112 4195 1242 4267 Ianiculo,
1260 4194 1289 4250 id
1312 4201 1355 4251 est
1377 4197 1408 4252 in

230 4285 299 4340 Solis
317 4285 394 4355 regia
412 4285 441 4339 in
459 4285 571 4340 sumnus
589 4283 726 4338 montibus
746 4282 891 4338 aedificata
908 4281 1075 4350 requiescere
1097 4286 1246 4350 putarunt;
1268 4280 1310 4336 ita
1333 4282 1406 4337 enlm

229 4387 321 4426 vocem
339 4371 491 4425 Ianiculum
509 4370 688 4425 recentiorum
706 4369 856 4438 complures
867 4368 1085 4436 interpretentur
1097 4365 1137 4436 (0.
1155 4365 1302 4504 Riphea
1322 4367 1409 4437 Topo-

1219 4453 1252 4504 4*
