<?xml version="1.0" encoding="UTF-8"?>
<!DOCTYPE html PUBLIC "-//W3C//DTD XHTML 1.0 Transitional//EN"
    "http://www.w3.org/TR/xhtml1/DTD/xhtml1-transitional.dtd">
<html xmlns="http://www.w3.org/1999/xhtml" xml:lang="en" lang="en">
 <head>
  <title>
</title>
<meta http-equiv="Content-Type" content="text/html;charset=utf-8" />
  <meta name='ocr-system' content='tesseract 3.04.00' />
  <meta name='ocr-capabilities' content='ocr_page ocr_carea ocr_par ocr_line ocrx_word'/>
</head>
<body>
  <div class='ocr_page' id='page_1' title='image "./destellarumappe00gundgoog_0094.png"; bbox 0 0 3292 4958; ppageno 0'>
   <div class='ocr_carea' id='block_1_1' title="bbox 229 354 1487 443">
    <p class='ocr_par' dir='ltr' id='par_1_1' title="bbox 229 354 1487 443">
     <span class='ocr_line' id='line_1_1' title="bbox 229 354 1487 443; baseline 0 -34"><span class='ocrx_word' id='word_1_1' title='bbox 229 357 284 443; x_wconf 85' lang='lat'>85]</span> <span class='ocrx_word' id='word_1_2' title='bbox 451 357 492 409; x_wconf 91' lang='lat' dir='ltr'>De</span> <span class='ocrx_word' id='word_1_3' title='bbox 510 355 652 410; x_wconf 84' lang='lat' dir='ltr'>stellarum</span> <span class='ocrx_word' id='word_1_4' title='bbox 670 354 851 423; x_wconf 78' lang='lat' dir='ltr'>appellatione</span> <span class='ocrx_word' id='word_1_5' title='bbox 869 366 897 409; x_wconf 91' lang='lat' dir='ltr'>et</span> <span class='ocrx_word' id='word_1_6' title='bbox 917 355 1049 423; x_wconf 84' lang='lat' dir='ltr'>religione</span> <span class='ocrx_word' id='word_1_7' title='bbox 1066 356 1188 409; x_wconf 88' lang='lat' dir='ltr'>Romana</span> <span class='ocrx_word' id='word_1_8' title='bbox 1347 359 1409 422; x_wconf 74' lang='lat'>177</span> <span class='ocrx_word' id='word_1_9' title='bbox 1486 432 1487 435; x_wconf 7' lang='grc' dir='ltr'><strong>Ἴ</strong></span> 
     </span>
    </p>
   </div>
   <div class='ocr_carea' id='block_1_2' title="bbox 229 525 1410 1226">
    <p class='ocr_par' dir='ltr' id='par_1_2' title="bbox 229 525 1410 1226">
     <span class='ocr_line' id='line_1_2' title="bbox 230 525 1408 612; baseline -0.003 -19"><span class='ocrx_word' id='word_1_10' title='bbox 230 529 372 612; x_wconf 81' lang='lat' dir='ltr'>Quorum</span> <span class='ocrx_word' id='word_1_11' title='bbox 397 527 570 593; x_wconf 80' lang='lat' dir='ltr'>Pettius</span> <span class='ocrx_word' id='word_1_12' title='bbox 593 527 613 591; x_wconf 91' lang='lat' dir='ltr'>l.</span> <span class='ocrx_word' id='word_1_13' title='bbox 636 529 655 590; x_wconf 90' lang='lat' dir='ltr'>l.</span> <span class='ocrx_word' id='word_1_14' title='bbox 678 526 715 591; x_wconf 92' lang='grc' dir='ltr'><strong>Π</strong></span> <span class='ocrx_word' id='word_1_15' title='bbox 736 529 765 608; x_wconf 83' lang='grc'>2,</span> <span class='ocrx_word' id='word_1_16' title='bbox 790 527 873 590; x_wconf 83' lang='grc'><strong>1249</strong></span> <span class='ocrx_word' id='word_1_17' title='bbox 904 525 1035 607; x_wconf 90' lang='lat' dir='ltr'>iugulas</span> <span class='ocrx_word' id='word_1_18' title='bbox 1065 527 1195 592; x_wconf 87' lang='lat' dir='ltr'>derivat</span> <span class='ocrx_word' id='word_1_19' title='bbox 1225 546 1245 591; x_wconf 94' lang='lat' dir='ltr'>a</span> <span class='ocrx_word' id='word_1_20' title='bbox 1273 528 1408 610; x_wconf 76' lang='lat' dir='ltr'>irrupere,</span> 
     </span>
     <span class='ocr_line' id='line_1_3' title="bbox 230 628 1410 711; baseline -0.005 -13"><span class='ocrx_word' id='word_1_21' title='bbox 230 638 268 698; x_wconf 88' lang='lat' dir='ltr'>ut</span> <span class='ocrx_word' id='word_1_22' title='bbox 290 632 334 696; x_wconf 93' lang='lat' dir='ltr'>sit</span> <span class='ocrx_word' id='word_1_23' title='bbox 348 630 510 711; x_wconf 90' lang='lat' dir='ltr'>iunctura,</span> <span class='ocrx_word' id='word_1_24' title='bbox 533 629 715 711; x_wconf 77' lang='lat' dir='ltr'>cingulum:</span> <span class='ocrx_word' id='word_1_25' title='bbox 739 631 787 692; x_wconf 82' lang='lat' dir='ltr'>eiu</span> <span class='ocrx_word' id='word_1_26' title='bbox 805 628 941 709; x_wconf 82' lang='lat' dir='ltr'>Gesto‘ru,</span> <span class='ocrx_word' id='word_1_27' title='bbox 964 628 1022 692; x_wconf 78' lang='lat' dir='ltr'>dus</span> <span class='ocrx_word' id='word_1_28' title='bbox 1039 628 1099 692; x_wconf 81' lang='lat' dir='ltr'>dea</span> <span class='ocrx_word' id='word_1_29' title='bbox 1115 629 1226 692; x_wconf 76' lang='lat' dir='ltr'>Grlrtal</span> <span class='ocrx_word' id='word_1_30' title='bbox 1245 629 1297 693; x_wconf 83' lang='lat' dir='ltr'>des</span> <span class='ocrx_word' id='word_1_31' title='bbox 1314 629 1410 692; x_wconf 76' lang='lat' dir='ltr'>Oriou</span> 
     </span>
     <span class='ocr_line' id='line_1_4' title="bbox 231 730 1409 816; baseline -0.001 -19"><span class='ocrx_word' id='word_1_32' title='bbox 231 734 329 816; x_wconf 79' lang='lat' dir='ltr'>bildet,</span> <span class='ocrx_word' id='word_1_33' title='bbox 352 734 418 796; x_wconf 79' lang='lat' dir='ltr'>oleo</span> <span class='ocrx_word' id='word_1_34' title='bbox 440 732 518 796; x_wconf 74' lang='lat' dir='ltr'>wolrl</span> <span class='ocrx_word' id='word_1_35' title='bbox 538 731 697 813; x_wconf 76' lang='lat' dir='ltr'>etqeutb&#39;cb</span> <span class='ocrx_word' id='word_1_36' title='bbox 718 731 768 794; x_wconf 82' lang='lat' dir='ltr'>uls</span> <span class='ocrx_word' id='word_1_37' title='bbox 790 730 909 796; x_wconf 76' lang='lat' dir='ltr'>Giirtel.</span> <span class='ocrx_word' id='word_1_38' title='bbox 960 730 1068 796; x_wconf 82' lang='lat' dir='ltr'>Simili</span> <span class='ocrx_word' id='word_1_39' title='bbox 1090 733 1183 797; x_wconf 89' lang='lat' dir='ltr'>modo</span> <span class='ocrx_word' id='word_1_40' title='bbox 1213 732 1345 813; x_wconf 88' lang='lat' dir='ltr'>iugulas</span> <span class='ocrx_word' id='word_1_41' title='bbox 1376 738 1409 796; x_wconf 88' lang='lat' dir='ltr'>et</span> 
     </span>
     <span class='ocr_line' id='line_1_5' title="bbox 229 832 1410 917; baseline 0.002 -19"><span class='ocrx_word' id='word_1_42' title='bbox 229 839 357 917; x_wconf 72' lang='lat' dir='ltr'>irrupere</span> <span class='ocrx_word' id='word_1_43' title='bbox 379 834 542 916; x_wconf 91' lang='lat' dir='ltr'>componit</span> <span class='ocrx_word' id='word_1_44' title='bbox 572 832 607 899; x_wconf 92' lang='lat' dir='ltr'>O.</span> <span class='ocrx_word' id='word_1_45' title='bbox 629 834 780 899; x_wconf 84' lang='lat' dir='ltr'>Keller</span> <span class='ocrx_word' id='word_1_46' title='bbox 810 834 912 898; x_wconf 75' lang='lat' dir='ltr'>latoio.</span> <span class='ocrx_word' id='word_1_47' title='bbox 947 832 1212 915; x_wconf 74' lang='lat' dir='ltr'>Vollosetpmolopic</span> <span class='ocrx_word' id='word_1_48' title='bbox 1242 854 1271 915; x_wconf 94' lang='lat' dir='ltr'>p.</span> <span class='ocrx_word' id='word_1_49' title='bbox 1295 836 1344 917; x_wconf 84' lang='lat'>35,</span> <span class='ocrx_word' id='word_1_50' title='bbox 1376 839 1410 899; x_wconf 90' lang='lat' dir='ltr'>et</span> 
     </span>
     <span class='ocr_line' id='line_1_6' title="bbox 230 935 1410 1016; baseline -0.006 -11"><span class='ocrx_word' id='word_1_51' title='bbox 230 940 269 1005; x_wconf 85' lang='lat' dir='ltr'>E.</span> <span class='ocrx_word' id='word_1_52' title='bbox 295 938 507 1004; x_wconf 90' lang='lat' dir='ltr'>Maassius</span> <span class='ocrx_word' id='word_1_53' title='bbox 537 936 686 1000; x_wconf 80' lang='lat' dir='ltr'>Gricebeu</span> <span class='ocrx_word' id='word_1_54' title='bbox 725 936 793 998; x_wconf 76' lang='lat' dir='ltr'>unul</span> <span class='ocrx_word' id='word_1_55' title='bbox 827 935 958 999; x_wconf 65' lang='lat' dir='ltr'>&amp;muca</span> <span class='ocrx_word' id='word_1_56' title='bbox 989 937 1054 1016; x_wconf 76' lang='lat' dir='ltr'>uuf</span> <span class='ocrx_word' id='word_1_57' title='bbox 1081 936 1150 999; x_wconf 80' lang='lat' dir='ltr'>doru</span> <span class='ocrx_word' id='word_1_58' title='bbox 1182 936 1320 1000; x_wconf 67' lang='lat' dir='ltr'>lutbertus</span> <span class='ocrx_word' id='word_1_59' title='bbox 1351 956 1410 999; x_wconf 83' lang='lat' dir='ltr'>uon</span> 
     </span>
     <span class='ocr_line' id='line_1_7' title="bbox 230 1037 1410 1121; baseline 0 -17"><span class='ocrx_word' id='word_1_60' title='bbox 230 1040 368 1104; x_wconf 80' lang='lat' dir='ltr'>Koriutb</span> <span class='ocrx_word' id='word_1_61' title='bbox 391 1060 420 1121; x_wconf 92' lang='lat' dir='ltr'>p.</span> <span class='ocrx_word' id='word_1_62' title='bbox 439 1042 501 1106; x_wconf 89' lang='lat'>116</span> <span class='ocrx_word' id='word_1_63' title='bbox 520 1040 666 1121; x_wconf 84' lang='lat' dir='ltr'>iugulum</span> <span class='ocrx_word' id='word_1_64' title='bbox 692 1037 795 1104; x_wconf 84' lang='lat' dir='ltr'>fuisse</span> <span class='ocrx_word' id='word_1_65' title='bbox 824 1038 907 1103; x_wconf 91' lang='lat' dir='ltr'>dicit</span> <span class='ocrx_word' id='word_1_66' title='bbox 928 1039 1015 1104; x_wconf 89' lang='lat' dir='ltr'>idern</span> <span class='ocrx_word' id='word_1_67' title='bbox 1037 1041 1121 1119; x_wconf 89' lang='lat' dir='ltr'>quod</span> <span class='ocrx_word' id='word_1_68' title='bbox 1143 1039 1320 1121; x_wconf 78' lang='lat' dir='ltr'>cingulum,</span> <span class='ocrx_word' id='word_1_69' title='bbox 1342 1039 1410 1104; x_wconf 89' lang='lat' dir='ltr'>ein·</span> 
     </span>
     <span class='ocr_line' id='line_1_8' title="bbox 229 1141 1324 1226; baseline -0.003 -17"><span class='ocrx_word' id='word_1_70' title='bbox 229 1144 342 1226; x_wconf 90' lang='lat' dir='ltr'>gulum</span> <span class='ocrx_word' id='word_1_71' title='bbox 365 1143 466 1209; x_wconf 88' lang='lat' dir='ltr'>trium</span> <span class='ocrx_word' id='word_1_72' title='bbox 489 1143 660 1208; x_wconf 83' lang='lat' dir='ltr'>stellarum</span> <span class='ocrx_word' id='word_1_73' title='bbox 682 1141 717 1206; x_wconf 93' lang='lat' dir='ltr'>in</span> <span class='ocrx_word' id='word_1_74' title='bbox 740 1141 860 1207; x_wconf 83' lang='lat' dir='ltr'>Orione</span> <span class='ocrx_word' id='word_1_75' title='bbox 882 1141 1021 1206; x_wconf 85' lang='lat' dir='ltr'>maxime</span> <span class='ocrx_word' id='word_1_76' title='bbox 1044 1141 1324 1225; x_wconf 65' lang='lat' dir='ltr'>splendentiuml)</span> 
     </span>
    </p>
   </div>
   <div class='ocr_carea' id='block_1_3' title="bbox 231 1260 1413 3491">
    <p class='ocr_par' dir='ltr' id='par_1_3' title="bbox 231 1260 1413 3491">
     <span class='ocr_line' id='line_1_9' title="bbox 317 1260 1411 1344; baseline -0.002 -16"><span class='ocrx_word' id='word_1_77' title='bbox 317 1266 385 1328; x_wconf 90' lang='lat' dir='ltr'>lam</span> <span class='ocrx_word' id='word_1_78' title='bbox 408 1269 446 1328; x_wconf 92' lang='lat' dir='ltr'>ut</span> <span class='ocrx_word' id='word_1_79' title='bbox 468 1268 613 1328; x_wconf 90' lang='lat' dir='ltr'>nostram</span> <span class='ocrx_word' id='word_1_80' title='bbox 636 1261 833 1327; x_wconf 89' lang='lat' dir='ltr'>sententiam</span> <span class='ocrx_word' id='word_1_81' title='bbox 865 1265 1058 1344; x_wconf 86' lang='lat' dir='ltr'>statuamus,</span> <span class='ocrx_word' id='word_1_82' title='bbox 1084 1260 1175 1342; x_wconf 88' lang='lat' dir='ltr'>prius</span> <span class='ocrx_word' id='word_1_83' title='bbox 1206 1281 1341 1343; x_wconf 84' lang='lat' dir='ltr'>agamus</span> <span class='ocrx_word' id='word_1_84' title='bbox 1371 1263 1411 1326; x_wconf 91' lang='lat' dir='ltr'>de</span> 
     </span>
     <span class='ocr_line' id='line_1_10' title="bbox 232 1363 1411 1449; baseline -0.003 -17"><span class='ocrx_word' id='word_1_85' title='bbox 232 1367 438 1449; x_wconf 81' lang='lat' dir='ltr'>opinionibus</span> <span class='ocrx_word' id='word_1_86' title='bbox 468 1370 584 1446; x_wconf 89' lang='lat' dir='ltr'>aperte</span> <span class='ocrx_word' id='word_1_87' title='bbox 617 1364 727 1445; x_wconf 87' lang='lat' dir='ltr'>falsis,</span> <span class='ocrx_word' id='word_1_88' title='bbox 764 1383 903 1444; x_wconf 91' lang='lat' dir='ltr'>quarum</span> <span class='ocrx_word' id='word_1_89' title='bbox 936 1363 1030 1429; x_wconf 86' lang='lat' dir='ltr'>Festi</span> <span class='ocrx_word' id='word_1_90' title='bbox 1052 1363 1124 1429; x_wconf 84' lang='lat' dir='ltr'>sive</span> <span class='ocrx_word' id='word_1_91' title='bbox 1156 1363 1268 1429; x_wconf 89' lang='lat' dir='ltr'>Verrii</span> <span class='ocrx_word' id='word_1_92' title='bbox 1299 1364 1411 1429; x_wconf 84' lang='lat' dir='ltr'>Flacci</span> 
     </span>
     <span class='ocr_line' id='line_1_11' title="bbox 231 1466 1409 1548; baseline -0.004 -13"><span class='ocrx_word' id='word_1_93' title='bbox 231 1469 399 1535; x_wconf 89' lang='lat' dir='ltr'>sententia</span> <span class='ocrx_word' id='word_1_94' title='bbox 421 1473 512 1534; x_wconf 90' lang='lat' dir='ltr'>stare</span> <span class='ocrx_word' id='word_1_95' title='bbox 535 1486 599 1533; x_wconf 92' lang='lat' dir='ltr'>non</span> <span class='ocrx_word' id='word_1_96' title='bbox 621 1472 747 1548; x_wconf 79' lang='lat' dir='ltr'>potest3</span> <span class='ocrx_word' id='word_1_97' title='bbox 770 1486 844 1531; x_wconf 88' lang='lat' dir='ltr'>narn</span> <span class='ocrx_word' id='word_1_98' title='bbox 867 1467 982 1548; x_wconf 89' lang='lat' dir='ltr'>iugula</span> <span class='ocrx_word' id='word_1_99' title='bbox 1001 1467 1100 1531; x_wconf 89' lang='lat' dir='ltr'>stella</span> <span class='ocrx_word' id='word_1_100' title='bbox 1123 1485 1243 1548; x_wconf 88' lang='lat' dir='ltr'>magna</span> <span class='ocrx_word' id='word_1_101' title='bbox 1266 1484 1336 1530; x_wconf 90' lang='lat' dir='ltr'>cum</span> <span class='ocrx_word' id='word_1_102' title='bbox 1360 1466 1409 1530; x_wconf 91' lang='lat' dir='ltr'>iu·</span> 
     </span>
     <span class='ocr_line' id='line_1_12' title="bbox 232 1568 1412 1653; baseline -0.007 -15"><span class='ocrx_word' id='word_1_103' title='bbox 232 1574 354 1653; x_wconf 84' lang='lat' dir='ltr'>glande</span> <span class='ocrx_word' id='word_1_104' title='bbox 369 1591 450 1636; x_wconf 91' lang='lat' dir='ltr'>nuce</span> <span class='ocrx_word' id='word_1_105' title='bbox 470 1569 670 1652; x_wconf 85' lang='lat' dir='ltr'>praegrandi</span> <span class='ocrx_word' id='word_1_106' title='bbox 691 1588 881 1651; x_wconf 88' lang='lat' dir='ltr'>comparare</span> <span class='ocrx_word' id='word_1_107' title='bbox 902 1576 972 1634; x_wconf 88' lang='lat' dir='ltr'>tum</span> <span class='ocrx_word' id='word_1_108' title='bbox 994 1573 1124 1633; x_wconf 90' lang='lat' dir='ltr'>tantum</span> <span class='ocrx_word' id='word_1_109' title='bbox 1147 1568 1270 1650; x_wconf 83' lang='lat' dir='ltr'>liceret,</span> <span class='ocrx_word' id='word_1_110' title='bbox 1294 1569 1323 1633; x_wconf 88' lang='lat' dir='ltr'>si</span> <span class='ocrx_word' id='word_1_111' title='bbox 1335 1569 1412 1649; x_wconf 78' lang='lat' dir='ltr'>pulo</span> 
     </span>
     <span class='ocr_line' id='line_1_13' title="bbox 232 1671 1412 1753; baseline -0.004 -13"><span class='ocrx_word' id='word_1_112' title='bbox 232 1675 317 1740; x_wconf 87' lang='lat' dir='ltr'>idern</span> <span class='ocrx_word' id='word_1_113' title='bbox 340 1680 428 1739; x_wconf 89' lang='lat' dir='ltr'>esset</span> <span class='ocrx_word' id='word_1_114' title='bbox 448 1680 549 1753; x_wconf 90' lang='lat' dir='ltr'>atque</span> <span class='ocrx_word' id='word_1_115' title='bbox 572 1674 678 1738; x_wconf 91' lang='lat' dir='ltr'>stella.</span> <span class='ocrx_word' id='word_1_116' title='bbox 723 1673 836 1752; x_wconf 85' lang='lat' dir='ltr'>Neque</span> <span class='ocrx_word' id='word_1_117' title='bbox 858 1671 984 1737; x_wconf 87' lang='lat' dir='ltr'>Isidoro</span> <span class='ocrx_word' id='word_1_118' title='bbox 1011 1673 1231 1752; x_wconf 89' lang='lat' dir='ltr'>plaudendum</span> <span class='ocrx_word' id='word_1_119' title='bbox 1263 1674 1323 1752; x_wconf 89' lang='lat' dir='ltr'>est,</span> <span class='ocrx_word' id='word_1_120' title='bbox 1356 1671 1412 1750; x_wconf 93' lang='lat' dir='ltr'>qui</span> 
     </span>
     <span class='ocr_line' id='line_1_14' title="bbox 232 1774 1412 1859; baseline -0.003 -18"><span class='ocrx_word' id='word_1_121' title='bbox 232 1776 379 1859; x_wconf 89' lang='lat' dir='ltr'>iugulam</span> <span class='ocrx_word' id='word_1_122' title='bbox 402 1775 546 1856; x_wconf 85' lang='lat' dir='ltr'>explicat</span> <span class='ocrx_word' id='word_1_123' title='bbox 567 1795 627 1856; x_wconf 91' lang='lat' dir='ltr'>per</span> <span class='ocrx_word' id='word_1_124' title='bbox 641 1774 787 1857; x_wconf 83' lang='lat' dir='ltr'>gladium</span> <span class='ocrx_word' id='word_1_125' title='bbox 810 1775 972 1856; x_wconf 89' lang='lat' dir='ltr'>iugulans.</span> <span class='ocrx_word' id='word_1_126' title='bbox 1017 1775 1086 1838; x_wconf 90' lang='lat' dir='ltr'>Iam</span> <span class='ocrx_word' id='word_1_127' title='bbox 1108 1774 1266 1839; x_wconf 87' lang='lat' dir='ltr'>Varronis</span> <span class='ocrx_word' id='word_1_128' title='bbox 1290 1774 1412 1838; x_wconf 82' lang='lat' dir='ltr'>exami-</span> 
     </span>
     <span class='ocr_line' id='line_1_15' title="bbox 233 1875 1413 1961; baseline -0.003 -18"><span class='ocrx_word' id='word_1_129' title='bbox 233 1897 344 1945; x_wconf 91' lang='lat' dir='ltr'>nemus</span> <span class='ocrx_word' id='word_1_130' title='bbox 367 1878 574 1943; x_wconf 90' lang='lat' dir='ltr'>sententiam.</span> <span class='ocrx_word' id='word_1_131' title='bbox 619 1877 654 1943; x_wconf 84' lang='lat' dir='ltr'>si</span> <span class='ocrx_word' id='word_1_132' title='bbox 676 1896 830 1958; x_wconf 89' lang='lat' dir='ltr'>mappam</span> <span class='ocrx_word' id='word_1_133' title='bbox 860 1876 945 1942; x_wconf 90' lang='lat' dir='ltr'>caeli</span> <span class='ocrx_word' id='word_1_134' title='bbox 972 1876 1097 1941; x_wconf 90' lang='lat' dir='ltr'>stellati</span> <span class='ocrx_word' id='word_1_135' title='bbox 1119 1875 1320 1961; x_wconf 79' lang='lat' dir='ltr'>evolveris,&#39;²)</span> <span class='ocrx_word' id='word_1_136' title='bbox 1343 1876 1413 1940; x_wconf 92' lang='lat' dir='ltr'>ani·</span> 
     </span>
     <span class='ocr_line' id='line_1_16' title="bbox 232 1978 1412 2061; baseline -0.003 -15"><span class='ocrx_word' id='word_1_137' title='bbox 232 1982 418 2046; x_wconf 86' lang='lat' dir='ltr'>madvertes</span> <span class='ocrx_word' id='word_1_138' title='bbox 433 1980 531 2045; x_wconf 90' lang='lat' dir='ltr'>claris</span> <span class='ocrx_word' id='word_1_139' title='bbox 545 1980 671 2045; x_wconf 92' lang='lat' dir='ltr'>duabus</span> <span class='ocrx_word' id='word_1_140' title='bbox 687 1979 801 2061; x_wconf 88' lang='lat' dir='ltr'>stellis,</span> <span class='ocrx_word' id='word_1_141' title='bbox 819 1998 900 2059; x_wconf 89' lang='lat' dir='ltr'>quas</span> <span class='ocrx_word' id='word_1_142' title='bbox 916 1979 1138 2060; x_wconf 86' lang='lat' dir='ltr'>Betoigeuzen</span> <span class='ocrx_word' id='word_1_143' title='bbox 1155 1987 1188 2043; x_wconf 92' lang='lat' dir='ltr'>et</span> <span class='ocrx_word' id='word_1_144' title='bbox 1200 1978 1412 2043; x_wconf 85' lang='lat' dir='ltr'>Bellatricem</span> 
     </span>
     <span class='ocr_line' id='line_1_17' title="bbox 233 2081 1412 2164; baseline -0.003 -16"><span class='ocrx_word' id='word_1_145' title='bbox 233 2082 410 2148; x_wconf 81' lang='lat' dir='ltr'>astronomi</span> <span class='ocrx_word' id='word_1_146' title='bbox 433 2082 611 2164; x_wconf 87' lang='lat' dir='ltr'>nominant,</span> <span class='ocrx_word' id='word_1_147' title='bbox 642 2087 710 2146; x_wconf 92' lang='lat' dir='ltr'>tres</span> <span class='ocrx_word' id='word_1_148' title='bbox 732 2082 938 2147; x_wconf 84' lang='lat' dir='ltr'>obscuriores</span> <span class='ocrx_word' id='word_1_149' title='bbox 961 2081 1141 2162; x_wconf 88' lang='lat' dir='ltr'>imminere,</span> <span class='ocrx_word' id='word_1_150' title='bbox 1171 2099 1306 2161; x_wconf 90' lang='lat' dir='ltr'>quarum</span> <span class='ocrx_word' id='word_1_151' title='bbox 1329 2099 1412 2145; x_wconf 90' lang='lat' dir='ltr'>com-</span> 
     </span>
     <span class='ocr_line' id='line_1_18' title="bbox 232 2183 1413 2267; baseline -0.004 -16"><span class='ocrx_word' id='word_1_152' title='bbox 232 2185 427 2267; x_wconf 90' lang='lat' dir='ltr'>positionem</span> <span class='ocrx_word' id='word_1_153' title='bbox 450 2203 568 2250; x_wconf 87' lang='lat' dir='ltr'>revera</span> <span class='ocrx_word' id='word_1_154' title='bbox 585 2202 645 2264; x_wconf 89' lang='lat' dir='ltr'>pro</span> <span class='ocrx_word' id='word_1_155' title='bbox 668 2184 777 2264; x_wconf 88' lang='lat' dir='ltr'>eapite</span> <span class='ocrx_word' id='word_1_156' title='bbox 800 2203 872 2248; x_wconf 89' lang='lat' dir='ltr'>curn</span> <span class='ocrx_word' id='word_1_157' title='bbox 896 2183 1014 2248; x_wconf 76' lang='lat' dir='ltr'>unieris</span> <span class='ocrx_word' id='word_1_158' title='bbox 1037 2183 1161 2248; x_wconf 91' lang='lat' dir='ltr'>habere</span> <span class='ocrx_word' id='word_1_159' title='bbox 1190 2183 1309 2263; x_wconf 91' lang='lat' dir='ltr'>possis,</span> <span class='ocrx_word' id='word_1_160' title='bbox 1340 2200 1413 2247; x_wconf 90' lang='lat' dir='ltr'>con·</span> 
     </span>
     <span class='ocr_line' id='line_1_19' title="bbox 233 2284 1412 2368; baseline -0.003 -16"><span class='ocrx_word' id='word_1_161' title='bbox 233 2288 356 2352; x_wconf 90' lang='lat' dir='ltr'>iunctis</span> <span class='ocrx_word' id='word_1_162' title='bbox 377 2287 490 2368; x_wconf 89' lang='lat' dir='ltr'>iugulo</span> <span class='ocrx_word' id='word_1_163' title='bbox 511 2289 540 2351; x_wconf 94' lang='lat' dir='ltr'>h.</span> <span class='ocrx_word' id='word_1_164' title='bbox 557 2305 583 2351; x_wconf 91' lang='lat' dir='ltr'>e.</span> <span class='ocrx_word' id='word_1_165' title='bbox 599 2286 769 2351; x_wconf 87' lang='lat' dir='ltr'>clauicula.</span> <span class='ocrx_word' id='word_1_166' title='bbox 814 2287 878 2350; x_wconf 83' lang='lat' dir='ltr'>Sed</span> <span class='ocrx_word' id='word_1_167' title='bbox 901 2287 1140 2351; x_wconf 89' lang='lat' dir='ltr'>concedendum</span> <span class='ocrx_word' id='word_1_168' title='bbox 1157 2285 1221 2349; x_wconf 89' lang='lat' dir='ltr'>erit</span> <span class='ocrx_word' id='word_1_169' title='bbox 1236 2284 1412 2349; x_wconf 87' lang='lat' dir='ltr'>artificiose</span> 
     </span>
     <span class='ocr_line' id='line_1_20' title="bbox 233 2385 1412 2470; baseline -0.004 -16"><span class='ocrx_word' id='word_1_170' title='bbox 233 2391 318 2454; x_wconf 91' lang='lat' dir='ltr'>hanc</span> <span class='ocrx_word' id='word_1_171' title='bbox 347 2388 523 2470; x_wconf 86' lang='lat' dir='ltr'>imaginem</span> <span class='ocrx_word' id='word_1_172' title='bbox 554 2389 774 2469; x_wconf 81' lang='lat' dir='ltr'>excogitatam</span> <span class='ocrx_word' id='word_1_173' title='bbox 812 2406 883 2452; x_wconf 89' lang='lat' dir='ltr'>esse</span> <span class='ocrx_word' id='word_1_174' title='bbox 920 2406 1024 2467; x_wconf 88' lang='lat' dir='ltr'>neque</span> <span class='ocrx_word' id='word_1_175' title='bbox 1061 2405 1213 2466; x_wconf 91' lang='lat' dir='ltr'>umquam</span> <span class='ocrx_word' id='word_1_176' title='bbox 1250 2385 1412 2450; x_wconf 93' lang='lat' dir='ltr'>hominem</span> 
     </span>
     <span class='ocr_line' id='line_1_21' title="bbox 232 2488 1412 2572; baseline -0.003 -17"><span class='ocrx_word' id='word_1_177' title='bbox 232 2491 395 2556; x_wconf 91' lang='lat' dir='ltr'>rudiorem</span> <span class='ocrx_word' id='word_1_178' title='bbox 417 2491 519 2556; x_wconf 89' lang='lat' dir='ltr'>talem</span> <span class='ocrx_word' id='word_1_179' title='bbox 541 2490 678 2572; x_wconf 90' lang='lat' dir='ltr'>figuram</span> <span class='ocrx_word' id='word_1_180' title='bbox 701 2489 769 2555; x_wconf 89' lang='lat' dir='ltr'>suis</span> <span class='ocrx_word' id='word_1_181' title='bbox 791 2489 892 2554; x_wconf 91' lang='lat' dir='ltr'>oculis</span> <span class='ocrx_word' id='word_1_182' title='bbox 907 2489 1022 2554; x_wconf 86' lang='lat' dir='ltr'>uidere</span> <span class='ocrx_word' id='word_1_183' title='bbox 1041 2488 1194 2569; x_wconf 87' lang='lat' dir='ltr'>potuisse,</span> <span class='ocrx_word' id='word_1_184' title='bbox 1217 2488 1412 2568; x_wconf 87' lang='lat' dir='ltr'>praesertim</span> 
     </span>
     <span class='ocr_line' id='line_1_22' title="bbox 233 2589 1412 2674; baseline -0.005 -15"><span class='ocrx_word' id='word_1_185' title='bbox 233 2613 305 2659; x_wconf 91' lang='lat' dir='ltr'>cum</span> <span class='ocrx_word' id='word_1_186' title='bbox 327 2591 609 2673; x_wconf 83' lang='lat' dir='ltr'>splendidissimae</span> <span class='ocrx_word' id='word_1_187' title='bbox 633 2592 756 2674; x_wconf 89' lang='lat' dir='ltr'>cinguli</span> <span class='ocrx_word' id='word_1_188' title='bbox 779 2593 864 2672; x_wconf 87' lang='lat' dir='ltr'>quod</span> <span class='ocrx_word' id='word_1_189' title='bbox 886 2596 1025 2658; x_wconf 84' lang='lat' dir='ltr'>uocatur</span> <span class='ocrx_word' id='word_1_190' title='bbox 1051 2591 1169 2656; x_wconf 88' lang='lat' dir='ltr'>stellae</span> <span class='ocrx_word' id='word_1_191' title='bbox 1200 2589 1326 2655; x_wconf 92' lang='lat' dir='ltr'>omnino</span> <span class='ocrx_word' id='word_1_192' title='bbox 1356 2608 1412 2654; x_wconf 91' lang='lat' dir='ltr'>ne·</span> 
     </span>
     <span class='ocr_line' id='line_1_23' title="bbox 234 2692 1412 2778; baseline -0.003 -19"><span class='ocrx_word' id='word_1_193' title='bbox 234 2695 421 2778; x_wconf 89' lang='lat' dir='ltr'>glegantur,</span> <span class='ocrx_word' id='word_1_194' title='bbox 436 2713 573 2774; x_wconf 88' lang='lat' dir='ltr'>cumque</span> <span class='ocrx_word' id='word_1_195' title='bbox 584 2694 757 2760; x_wconf 86' lang='lat' dir='ltr'>interiores</span> <span class='ocrx_word' id='word_1_196' title='bbox 769 2699 881 2774; x_wconf 88' lang='lat' dir='ltr'>partes</span> <span class='ocrx_word' id='word_1_197' title='bbox 893 2693 1027 2758; x_wconf 89' lang='lat' dir='ltr'>humani</span> <span class='ocrx_word' id='word_1_198' title='bbox 1044 2692 1187 2774; x_wconf 87' lang='lat' dir='ltr'>corporis</span> <span class='ocrx_word' id='word_1_199' title='bbox 1199 2693 1290 2757; x_wconf 91' lang='lat' dir='ltr'>nulla</span> <span class='ocrx_word' id='word_1_200' title='bbox 1306 2693 1412 2757; x_wconf 93' lang='lat' dir='ltr'>adhuc</span> 
     </span>
     <span class='ocr_line' id='line_1_24' title="bbox 234 2796 1411 2878; baseline -0.005 -14"><span class='ocrx_word' id='word_1_201' title='bbox 234 2797 375 2864; x_wconf 88' lang='lat' dir='ltr'>scientia</span> <span class='ocrx_word' id='word_1_202' title='bbox 396 2797 581 2862; x_wconf 89' lang='lat' dir='ltr'>anatomica</span> <span class='ocrx_word' id='word_1_203' title='bbox 596 2797 731 2878; x_wconf 84' lang='lat' dir='ltr'>vigente</span> <span class='ocrx_word' id='word_1_204' title='bbox 746 2799 887 2863; x_wconf 92' lang='lat' dir='ltr'>nondum</span> <span class='ocrx_word' id='word_1_205' title='bbox 911 2796 1140 2878; x_wconf 82' lang='lat' dir='ltr'>cogitaverint.</span> <span class='ocrx_word' id='word_1_206' title='bbox 1185 2796 1277 2878; x_wconf 80' lang='lat' dir='ltr'>Quod</span> <span class='ocrx_word' id='word_1_207' title='bbox 1293 2796 1322 2861; x_wconf 92' lang='lat' dir='ltr'>si</span> <span class='ocrx_word' id='word_1_208' title='bbox 1338 2813 1411 2860; x_wconf 90' lang='lat' dir='ltr'>con·</span> 
     </span>
     <span class='ocr_line' id='line_1_25' title="bbox 234 2898 1412 2981; baseline -0.003 -15"><span class='ocrx_word' id='word_1_209' title='bbox 234 2901 370 2981; x_wconf 84' lang='lat' dir='ltr'>ceditur,</span> <span class='ocrx_word' id='word_1_210' title='bbox 401 2900 582 2965; x_wconf 88' lang='lat' dir='ltr'>Varronem</span> <span class='ocrx_word' id='word_1_211' title='bbox 605 2900 780 2981; x_wconf 88' lang='lat' dir='ltr'>protulisse</span> <span class='ocrx_word' id='word_1_212' title='bbox 803 2903 969 2965; x_wconf 89' lang='lat' dir='ltr'>doctorum</span> <span class='ocrx_word' id='word_1_213' title='bbox 991 2899 1191 2965; x_wconf 90' lang='lat' dir='ltr'>sententiam</span> <span class='ocrx_word' id='word_1_214' title='bbox 1214 2898 1412 2980; x_wconf 91' lang='lat' dir='ltr'>putabimus,</span> 
     </span>
     <span class='ocr_line' id='line_1_26' title="bbox 234 3001 1413 3084; baseline -0.002 -16"><span class='ocrx_word' id='word_1_215' title='bbox 234 3004 289 3084; x_wconf 91' lang='lat' dir='ltr'>qui</span> <span class='ocrx_word' id='word_1_216' title='bbox 312 3022 424 3069; x_wconf 91' lang='lat' dir='ltr'>veram</span> <span class='ocrx_word' id='word_1_217' title='bbox 447 3002 678 3084; x_wconf 88' lang='lat' dir='ltr'>appellationis</span> <span class='ocrx_word' id='word_1_218' title='bbox 700 3022 832 3068; x_wconf 89' lang='lat' dir='ltr'>causam</span> <span class='ocrx_word' id='word_1_219' title='bbox 856 3002 921 3067; x_wconf 88' lang='lat' dir='ltr'>iarn</span> <span class='ocrx_word' id='word_1_220' title='bbox 952 3021 1016 3067; x_wconf 92' lang='lat' dir='ltr'>non</span> <span class='ocrx_word' id='word_1_221' title='bbox 1039 3001 1259 3084; x_wconf 88' lang='lat' dir='ltr'>cognoverint.</span> <span class='ocrx_word' id='word_1_222' title='bbox 1303 3001 1413 3082; x_wconf 79' lang='lat' dir='ltr'>Quare</span> 
     </span>
     <span class='ocr_line' id='line_1_27' title="bbox 234 3104 1412 3187; baseline -0.003 -16"><span class='ocrx_word' id='word_1_223' title='bbox 234 3108 339 3171; x_wconf 90' lang='lat' dir='ltr'>denuo</span> <span class='ocrx_word' id='word_1_224' title='bbox 362 3105 457 3171; x_wconf 88' lang='lat' dir='ltr'>nobis</span> <span class='ocrx_word' id='word_1_225' title='bbox 479 3105 666 3185; x_wconf 83' lang='lat' dir='ltr'>inquirendi</span> <span class='ocrx_word' id='word_1_226' title='bbox 688 3106 744 3173; x_wconf 86' lang='lat' dir='ltr'>via</span> <span class='ocrx_word' id='word_1_227' title='bbox 771 3110 822 3170; x_wconf 91' lang='lat' dir='ltr'>est</span> <span class='ocrx_word' id='word_1_228' title='bbox 845 3105 1069 3187; x_wconf 90' lang='lat' dir='ltr'>ingredienda.</span> <span class='ocrx_word' id='word_1_229' title='bbox 1113 3105 1227 3185; x_wconf 87' lang='lat' dir='ltr'>Neque</span> <span class='ocrx_word' id='word_1_230' title='bbox 1250 3104 1335 3168; x_wconf 90' lang='lat' dir='ltr'>enim</span> <span class='ocrx_word' id='word_1_231' title='bbox 1358 3104 1412 3169; x_wconf 84' lang='lat' dir='ltr'>uel</span> 
     </span>
     <span class='ocr_line' id='line_1_28' title="bbox 234 3206 1412 3288; baseline -0.002 -16"><span class='ocrx_word' id='word_1_232' title='bbox 234 3207 452 3273; x_wconf 88' lang='lat' dir='ltr'>recentiorum</span> <span class='ocrx_word' id='word_1_233' title='bbox 475 3207 644 3273; x_wconf 90' lang='lat' dir='ltr'>conamina</span> <span class='ocrx_word' id='word_1_234' title='bbox 662 3208 743 3271; x_wconf 89' lang='lat' dir='ltr'>milri</span> <span class='ocrx_word' id='word_1_235' title='bbox 765 3207 1000 3288; x_wconf 86' lang='lat' dir='ltr'>satisfaciunt,</span> <span class='ocrx_word' id='word_1_236' title='bbox 1023 3207 1142 3288; x_wconf 91' lang='lat' dir='ltr'>quippe</span> <span class='ocrx_word' id='word_1_237' title='bbox 1165 3207 1221 3286; x_wconf 93' lang='lat' dir='ltr'>qui</span> <span class='ocrx_word' id='word_1_238' title='bbox 1243 3208 1285 3271; x_wconf 91' lang='lat' dir='ltr'>ab</span> <span class='ocrx_word' id='word_1_239' title='bbox 1309 3206 1412 3288; x_wconf 91' lang='lat' dir='ltr'>ipsius</span> 
     </span>
     <span class='ocr_line' id='line_1_29' title="bbox 234 3307 1413 3391; baseline -0.003 -16"><span class='ocrx_word' id='word_1_240' title='bbox 234 3309 374 3375; x_wconf 88' lang='lat' dir='ltr'>nominis</span> <span class='ocrx_word' id='word_1_241' title='bbox 390 3309 570 3388; x_wconf 91' lang='lat' dir='ltr'>veriloquio</span> <span class='ocrx_word' id='word_1_242' title='bbox 583 3309 680 3374; x_wconf 90' lang='lat' dir='ltr'>nimis</span> <span class='ocrx_word' id='word_1_243' title='bbox 691 3310 789 3391; x_wconf 90' lang='lat' dir='ltr'>longe</span> <span class='ocrx_word' id='word_1_244' title='bbox 804 3311 968 3391; x_wconf 86' lang='lat' dir='ltr'>recedant,</span> <span class='ocrx_word' id='word_1_245' title='bbox 985 3308 1113 3373; x_wconf 89' lang='lat' dir='ltr'>inducti</span> <span class='ocrx_word' id='word_1_246' title='bbox 1125 3307 1254 3372; x_wconf 89' lang='lat' dir='ltr'>Orionis</span> <span class='ocrx_word' id='word_1_247' title='bbox 1269 3307 1413 3388; x_wconf 88' lang='lat' dir='ltr'>imagine</span> 
     </span>
     <span class='ocr_line' id='line_1_30' title="bbox 235 3411 606 3491; baseline -0.003 -15"><span class='ocrx_word' id='word_1_248' title='bbox 235 3411 438 3477; x_wconf 86' lang='lat' dir='ltr'>nostratibus</span> <span class='ocrx_word' id='word_1_249' title='bbox 460 3417 606 3491; x_wconf 91' lang='lat' dir='ltr'>accepta.</span> 
     </span>
    </p>
   </div>
   <div class='ocr_carea' id='block_1_4' title="bbox 235 3527 1500 3920">
    <p class='ocr_par' dir='ltr' id='par_1_4' title="bbox 235 3527 1500 3920">
     <span class='ocr_line' id='line_1_31' title="bbox 320 3527 1500 3613; baseline -0.004 -16"><span class='ocrx_word' id='word_1_250' title='bbox 320 3533 392 3612; x_wconf 81' lang='lat' dir='ltr'>Ego</span> <span class='ocrx_word' id='word_1_251' title='bbox 416 3550 436 3595; x_wconf 93' lang='lat' dir='ltr'>a</span> <span class='ocrx_word' id='word_1_252' title='bbox 466 3536 500 3596; x_wconf 89' lang='lat' dir='ltr'>te</span> <span class='ocrx_word' id='word_1_253' title='bbox 524 3535 616 3613; x_wconf 89' lang='lat' dir='ltr'>peto,</span> <span class='ocrx_word' id='word_1_254' title='bbox 645 3535 684 3595; x_wconf 90' lang='lat' dir='ltr'>ut</span> <span class='ocrx_word' id='word_1_255' title='bbox 713 3529 842 3597; x_wconf 90' lang='lat' dir='ltr'>Orionis</span> <span class='ocrx_word' id='word_1_256' title='bbox 873 3530 990 3594; x_wconf 90' lang='lat' dir='ltr'>stellas</span> <span class='ocrx_word' id='word_1_257' title='bbox 1021 3528 1215 3610; x_wconf 71' lang='lat' dir='ltr'>consideres</span> <span class='ocrx_word' id='word_1_258' title='bbox 1245 3547 1316 3593; x_wconf 91' lang='lat' dir='ltr'>cum</span> <span class='ocrx_word' id='word_1_259' title='bbox 1346 3528 1412 3594; x_wconf 90' lang='lat' dir='ltr'>cin·</span> <span class='ocrx_word' id='word_1_260' title='bbox 1497 3527 1500 3533; x_wconf 83' lang='lat'>&#39;</span> 
     </span>
     <span class='ocr_line' id='line_1_32' title="bbox 235 3631 1413 3717; baseline -0.003 -17"><span class='ocrx_word' id='word_1_261' title='bbox 235 3637 348 3717; x_wconf 89' lang='lat' dir='ltr'>gulum</span> <span class='ocrx_word' id='word_1_262' title='bbox 371 3653 434 3699; x_wconf 93' lang='lat' dir='ltr'>non</span> <span class='ocrx_word' id='word_1_263' title='bbox 458 3653 478 3699; x_wconf 92' lang='lat' dir='ltr'>a</span> <span class='ocrx_word' id='word_1_264' title='bbox 501 3636 618 3699; x_wconf 84' lang='lat' dir='ltr'>dextra</span> <span class='ocrx_word' id='word_1_265' title='bbox 642 3635 683 3698; x_wconf 92' lang='lat' dir='ltr'>ad</span> <span class='ocrx_word' id='word_1_266' title='bbox 706 3633 883 3715; x_wconf 89' lang='lat' dir='ltr'>sinistrum,</span> <span class='ocrx_word' id='word_1_267' title='bbox 906 3634 997 3697; x_wconf 89' lang='lat' dir='ltr'>sede</span> <span class='ocrx_word' id='word_1_268' title='bbox 1021 3631 1188 3712; x_wconf 90' lang='lat' dir='ltr'>superiore</span> <span class='ocrx_word' id='word_1_269' title='bbox 1211 3631 1295 3696; x_wconf 91' lang='lat' dir='ltr'>caeli</span> <span class='ocrx_word' id='word_1_270' title='bbox 1316 3635 1413 3712; x_wconf 88' lang='lat' dir='ltr'>parte</span> 
     </span>
     <span class='ocr_line' id='line_1_33' title="bbox 235 3733 1413 3818; baseline -0.003 -16"><span class='ocrx_word' id='word_1_271' title='bbox 235 3740 278 3802; x_wconf 90' lang='lat' dir='ltr'>ad</span> <span class='ocrx_word' id='word_1_272' title='bbox 300 3737 486 3802; x_wconf 85' lang='lat' dir='ltr'>inferiorem</span> <span class='ocrx_word' id='word_1_273' title='bbox 510 3737 626 3801; x_wconf 91' lang='lat' dir='ltr'>tendit.</span> <span class='ocrx_word' id='word_1_274' title='bbox 671 3737 752 3801; x_wconf 84' lang='lat' dir='ltr'>Tum</span> <span class='ocrx_word' id='word_1_275' title='bbox 776 3736 854 3818; x_wconf 91' lang='lat' dir='ltr'>iuga</span> <span class='ocrx_word' id='word_1_276' title='bbox 877 3735 1018 3817; x_wconf 89' lang='lat' dir='ltr'>plaustri</span> <span class='ocrx_word' id='word_1_277' title='bbox 1041 3735 1094 3802; x_wconf 85' lang='lat' dir='ltr'>vel</span> <span class='ocrx_word' id='word_1_278' title='bbox 1124 3734 1230 3799; x_wconf 90' lang='lat' dir='ltr'>aratri</span> <span class='ocrx_word' id='word_1_279' title='bbox 1253 3733 1413 3817; x_wconf 73' lang='lat' dir='ltr'>conferas</span> 
     </span>
     <span class='ocr_line' id='line_1_34' title="bbox 236 3835 1412 3920; baseline -0.005 -15"><span class='ocrx_word' id='word_1_280' title='bbox 236 3841 348 3920; x_wconf 90' lang='lat' dir='ltr'>qualia</span> <span class='ocrx_word' id='word_1_281' title='bbox 379 3844 508 3906; x_wconf 86' lang='lat' dir='ltr'>ueteres</span> <span class='ocrx_word' id='word_1_282' title='bbox 542 3839 719 3904; x_wconf 90' lang='lat' dir='ltr'>habuerint</span> <span class='ocrx_word' id='word_1_283' title='bbox 749 3838 923 3919; x_wconf 90' lang='lat' dir='ltr'>qualiaque</span> <span class='ocrx_word' id='word_1_284' title='bbox 950 3837 1102 3918; x_wconf 85' lang='lat' dir='ltr'>depinxit</span> <span class='ocrx_word' id='word_1_285' title='bbox 1124 3836 1303 3902; x_wconf 90' lang='lat' dir='ltr'>Riuhius</span> <span class='ocrx_word' id='word_1_286' title='bbox 1332 3835 1412 3899; x_wconf 77' lang='lat' dir='ltr'>illu-</span> 
     </span>
    </p>
   </div>
   <div class='ocr_carea' id='block_1_5' title="bbox 325 4073 1413 4147">
    <p class='ocr_par' dir='ltr' id='par_1_5' title="bbox 325 4073 1413 4147">
     <span class='ocr_line' id='line_1_35' title="bbox 325 4073 1413 4147; baseline -0.006 -14"><span class='ocrx_word' id='word_1_287' title='bbox 325 4080 342 4147; x_wconf 88' lang='lat'>¹)</span> <span class='ocrx_word' id='word_1_288' title='bbox 361 4079 386 4133; x_wconf 88' lang='lat' dir='ltr'>J.</span> <span class='ocrx_word' id='word_1_289' title='bbox 407 4078 551 4133; x_wconf 85' lang='lat' dir='ltr'>Vossius</span> <span class='ocrx_word' id='word_1_290' title='bbox 569 4076 598 4131; x_wconf 93' lang='lat' dir='ltr'>in</span> <span class='ocrx_word' id='word_1_291' title='bbox 610 4076 741 4145; x_wconf 84' lang='lat' dir='ltr'>glossario</span> <span class='ocrx_word' id='word_1_292' title='bbox 754 4092 802 4130; x_wconf 82' lang='lat' dir='ltr'>suo</span> <span class='ocrx_word' id='word_1_293' title='bbox 814 4075 924 4145; x_wconf 70' lang='lat' dir='ltr'>iugulos</span> <span class='ocrx_word' id='word_1_294' title='bbox 939 4074 973 4128; x_wconf 88' lang='lat' dir='ltr'>ab</span> <span class='ocrx_word' id='word_1_295' title='bbox 986 4091 1056 4141; x_wconf 87' lang='lat' dir='ltr'>aqua</span> <span class='ocrx_word' id='word_1_296' title='bbox 1068 4073 1126 4143; x_wconf 69' lang='lat' dir='ltr'>iugi</span> <span class='ocrx_word' id='word_1_297' title='bbox 1138 4073 1252 4128; x_wconf 86' lang='lat' dir='ltr'>derivat.</span> <span class='ocrx_word' id='word_1_298' title='bbox 1288 4074 1345 4127; x_wconf 87' lang='lat' dir='ltr'>Hoc</span> <span class='ocrx_word' id='word_1_299' title='bbox 1368 4074 1413 4128; x_wconf 87' lang='lat' dir='ltr'>vel</span> 
     </span>
    </p>
   </div>
   <div class='ocr_carea' id='block_1_6' title="bbox 236 4163 1413 4389">
    <p class='ocr_par' dir='ltr' id='par_1_6' title="bbox 236 4163 1413 4389">
     <span class='ocr_line' id='line_1_36' title="bbox 236 4163 700 4232; baseline -0.004 -14"><span class='ocrx_word' id='word_1_300' title='bbox 236 4173 345 4232; x_wconf 87' lang='lat' dir='ltr'>propter</span> <span class='ocrx_word' id='word_1_301' title='bbox 362 4164 514 4232; x_wconf 86' lang='lat' dir='ltr'>prosodiam</span> <span class='ocrx_word' id='word_1_302' title='bbox 533 4163 632 4217; x_wconf 78' lang='lat' dir='ltr'>fulsum</span> <span class='ocrx_word' id='word_1_303' title='bbox 651 4169 700 4217; x_wconf 85' lang='lat' dir='ltr'>est.</span> 
     </span>
     <span class='ocr_line' id='line_1_37' title="bbox 323 4244 1413 4318; baseline -0.006 -14"><span class='ocrx_word' id='word_1_304' title='bbox 323 4251 343 4318; x_wconf 75' lang='lat'>⁴²)</span> <span class='ocrx_word' id='word_1_305' title='bbox 361 4249 481 4304; x_wconf 86' lang='lat' dir='ltr'>Adhibui</span> <span class='ocrx_word' id='word_1_306' title='bbox 499 4249 688 4304; x_wconf 90' lang='lat' dir='ltr'>Stielerum</span> <span class='ocrx_word' id='word_1_307' title='bbox 705 4245 891 4314; x_wconf 80' lang='lat' dir='ltr'>Haud-Atlas,</span> <span class='ocrx_word' id='word_1_308' title='bbox 909 4246 950 4300; x_wconf 91' lang='lat' dir='ltr'>ed.</span> <span class='ocrx_word' id='word_1_309' title='bbox 963 4261 1050 4300; x_wconf 87' lang='lat' dir='ltr'>nonae</span> <span class='ocrx_word' id='word_1_310' title='bbox 1063 4245 1179 4314; x_wconf 86' lang='lat' dir='ltr'>(Gothae</span> <span class='ocrx_word' id='word_1_311' title='bbox 1192 4244 1268 4313; x_wconf 80' lang='lat'>1905)</span> <span class='ocrx_word' id='word_1_312' title='bbox 1287 4261 1413 4314; x_wconf 87' lang='lat' dir='ltr'>mappam</span> 
     </span>
     <span class='ocr_line' id='line_1_38' title="bbox 237 4336 328 4389; baseline -0.011 0"><span class='ocrx_word' id='word_1_313' title='bbox 237 4336 284 4389; x_wconf 78' lang='lat' dir='ltr'>No.</span> <span class='ocrx_word' id='word_1_314' title='bbox 304 4337 328 4388; x_wconf 89' lang='lat'>1.</span> 
     </span>
    </p>
   </div>
   <div class='ocr_carea' id='block_1_7' title="bbox 0 0 1657 4958">
    <p class='ocr_par' dir='ltr' id='par_1_7' title="bbox 0 0 1657 4958">
     <span class='ocr_line' id='line_1_39' title="bbox 0 0 1657 4958; baseline 0 0"><span class='ocrx_word' id='word_1_315' title='bbox 0 0 1657 4958; x_wconf 95' lang='lat' dir='ltr'> </span> 
     </span>
    </p>
   </div>
  </div>
 </body>
</html>
