3278 4964
230 359 293 423 248
678 356 830 411 Guilelmus
848 354 955 411 Gundal
1331 353 1411 442 [156

229 547 287 595 uos
303 529 337 594 in
353 547 420 594 una
435 529 503 593 sola
519 528 618 593 stella
632 528 810 610 pervaluit,
825 527 859 592 in
872 526 1029 610 canicula,
1044 525 1274 608 potentissima
1288 526 1411 593 caloris

229 630 367 714 domina,
389 650 485 711 quam
509 631 564 697 vel
586 629 729 696 victimis
751 630 883 710 placare
906 631 1111 695 studuerunt.
1160 628 1273 710 Neque
1295 632 1411 695 tamen

229 753 267 800 eo
288 734 455 815 progressi
478 737 563 813 sunt,
585 736 623 797 ut
645 751 755 799 omnes
777 733 892 798 stellas
908 734 1041 797 deorum
1062 733 1132 798 loco
1153 731 1326 812 haberent,
1349 736 1412 798 aut

227 835 360 902 fabulas
382 836 544 919 mytlricas
566 837 606 900 de
628 834 676 900 eis
694 840 881 901 narrarent.
925 834 1017 916 Quod
1039 840 1109 901 tum
1133 836 1261 900 demum
1283 834 1409 901 factum

229 943 290 1021 est,
320 958 392 1005 cum
421 938 620 1005 Graecorum
650 937 874 1003 catasterismi
909 937 1054 1002 notiores
1089 937 1217 1003 fierent.
1276 937 1341 1019 Qui
1376 941 1412 1003 et

229 1041 336 1123 poetis
356 1040 528 1106 materiam
554 1040 754 1106 uberrimam
783 1039 1080 1122 suppeditaverunt
1110 1044 1145 1105 et
1173 1039 1412 1121 imperatorum

229 1142 504 1208 consecrationem
528 1147 777 1223 occupaverunt.
822 1143 868 1208 Et
899 1145 938 1208 de
961 1142 1069 1208 stellis
1098 1143 1240 1208 humana
1261 1140 1336 1207 fata
1358 1160 1411 1207 re·

228 1244 384 1327 gentibus
408 1249 522 1325 postea
537 1245 677 1326 denique
693 1245 856 1310 intensius
871 1245 1067 1328 cogitarunt,
1083 1263 1154 1310 cum
1171 1243 1412 1310 Chaldaeorum

229 1347 409 1431 astrologia
424 1347 575 1413 irrueret.
620 1346 776 1414 Omnibus
793 1348 844 1412 his
860 1347 1150 1430 superstitionibus
1167 1346 1203 1412 in
1219 1364 1319 1412 unum
1335 1365 1411 1413 con·

229 1450 328 1517 cretis
351 1451 544 1532 supervenit
563 1449 825 1515 Christianorum
845 1450 1003 1532 doctrina,
1022 1469 1104 1530 quae
1122 1449 1263 1531 plurima
1282 1448 1411 1532 reiecit,

228 1552 384 1620 nonnulla
399 1572 568 1619 remanere
583 1572 683 1635 passa
699 1557 759 1619 est.
781 1553 836 1619 Ita
847 1553 1026 1634 pleraeque
1041 1551 1208 1634 opiniones
1221 1571 1242 1617 a
1253 1551 1411 1618 Romanis

228 1658 269 1722 de
291 1657 398 1722 stellis
421 1657 529 1722 cultae
552 1655 711 1736 paulatim
733 1656 942 1739 interierunt,
966 1660 1000 1721 et
1021 1674 1088 1720 una
1110 1673 1182 1721 cum
1203 1652 1411 1736 opinionibus

227 1777 307 1825 vera
329 1759 389 1823 illa
411 1764 445 1824 et
467 1758 604 1839 antiqua
626 1759 765 1824 nomina.

313 1860 437 1942 Quodsi
460 1880 501 1927 ex
516 1862 568 1926 his
584 1880 667 1941 quae
683 1863 776 1926 modo
792 1861 988 1926 contulimus
1002 1860 1147 1925 fructum
1162 1857 1410 1925 dissertationis

228 1960 324 2026 huius
347 1961 501 2043 exiguum
523 1967 628 2044 putes,
660 1963 780 2043 quippe
804 1981 888 2042 quae
919 1981 1023 2043 neque
1052 1962 1157 2029 multa
1186 1979 1292 2041 neque
1321 1980 1411 2029 nova

229 2062 347 2146 edicat,
369 2081 433 2127 non
455 2063 563 2127 mirer.
607 2064 671 2128 Sed
693 2068 805 2128 tamen
835 2064 869 2128 in
898 2064 1037 2146 singulis
1061 2083 1146 2146 quae
1174 2082 1276 2145 supra
1303 2062 1410 2130 fusius

225 2165 397 2246 disputata
412 2169 496 2246 sunt,
512 2164 669 2231 nonnulla
683 2163 824 2231 fortasse
846 2165 960 2233 insunt
982 2168 1071 2232 haud
1086 2167 1214 2233 omnino
1229 2165 1408 2232 reicienda.

228 2269 275 2334 Et
290 2272 374 2350 quod
390 2268 424 2333 in
441 2287 480 2334 ea
494 2273 600 2351 parte,
616 2286 699 2349 quae
716 2273 768 2334 est
783 2271 823 2334 de
838 2268 1064 2352 religionibus
1087 2288 1152 2334 non
1167 2269 1288 2334 multas
1302 2268 1409 2335 fuisse

226 2371 405 2439 statuimus
434 2371 695 2455 superstitiones,
724 2371 824 2437 etiam
854 2373 914 2437 hoc
942 2372 1067 2452 aliquid
1097 2390 1169 2438 esse
1200 2376 1305 2454 putes,
1335 2389 1411 2437 cum

227 2475 418 2558 religionem
435 2479 597 2540 astrorum
612 2477 700 2556 apud
714 2475 875 2540 Romanos
890 2493 954 2540 non
970 2474 1073 2539 fuisse
1088 2473 1297 2559 statuatur.1)
1342 2472 1410 2539 Sed

227 2579 288 2643 hoc
311 2577 381 2643 erui
403 2595 467 2642 non
490 2577 607 2659 potuit,
630 2577 695 2643 nisi
719 2596 791 2642 cum
815 2579 855 2642 de
878 2577 1062 2643 nominibus
1085 2595 1212 2658 quoque
1235 2576 1409 2642 stellarum

228 2683 450 2763 quaereretur,
465 2684 505 2744 ut
522 2678 649 2744 omnino
664 2680 838 2762 philologis
854 2700 875 2745 a
889 2680 1019 2746 nomine
1035 2681 1077 2745 ad
1091 2699 1161 2745 rem
1176 2683 1273 2761 patet
1287 2677 1411 2745 aditus.

226 2780 319 2846 Haec
341 2781 448 2846 omnia
471 2786 629 2861 reputans
651 2781 806 2862 inscripsi
833 2784 1022 2863 opusculum
1045 2800 1151 2848 meum
1174 2783 1214 2847 de
1238 2781 1409 2847 stellarum
1503 2790 1506 2795 ’

227 2882 451 2964 appellatione
474 2886 508 2946 et
530 2882 688 2963 religione
710 2883 868 2948 Romana.

315 3048 335 3118 1)
354 3050 429 3103 Haec
447 3049 584 3104 sententia
595 3050 678 3104 etiam
697 3051 736 3106 eis
749 3052 816 3107 viris
835 3059 946 3122 accepta
963 3054 1025 3123 fuit,
1044 3055 1171 3122 aquibus
1183 3055 1250 3108 haec
1267 3053 1410 3108 conamina

226 3136 261 3191 ad
278 3135 438 3204 religionem
457 3135 610 3202 spectantia
628 3137 759 3207 eduntur;
783 3154 870 3206 neque
894 3140 965 3194 enim
990 3140 1058 3194 alias
1077 3138 1296 3194 dissertationem
1320 3153 1409 3193 meam

226 3221 362 3291 recepturi
380 3220 506 3275 fuissent.
542 3221 661 3288 Quorum
672 3223 806 3291 imprimis
825 3225 940 3280 Ricardo
952 3225 1089 3280 Wuensch
1101 3223 1209 3293 gratias
1227 3239 1280 3292 ago
1291 3223 1408 3293 debitas,

226 3307 274 3375 qni
291 3307 414 3376 opusculi
431 3306 484 3361 mei
502 3306 594 3362 fautor
612 3307 762 3363 indefessus
778 3311 885 3379 extitit;
905 3311 953 3378 qui
965 3311 1059 3364 multis
1072 3310 1138 3364 locis
1151 3315 1181 3364 et
1191 3308 1239 3364 ubi
1251 3325 1304 3363 non
1322 3307 1408 3363 nomi·

226 3398 309 3447 natur
327 3408 376 3447 sua
394 3408 498 3446 mecum
516 3393 726 3449 communicavit
738 3400 766 3449 et
778 3395 807 3449 in
819 3411 979 3450 aerumnoso
996 3396 1088 3451 labore
1105 3395 1234 3464 plagulas
1252 3392 1408 3463 corrigendi

225 3478 343 3548 benigue
361 3493 404 3532 me
422 3478 536 3534 adiurit.
