3292 4958
238 385 301 450 240
683 381 834 437 Guilelmus
852 382 960 437 Gundel
1339 382 1415 470 [148

235 574 307 621 rum
322 555 508 622 mortalium
523 553 613 621 inter
631 554 747 620 stellas
767 553 895 620 referri.
938 553 1058 620 Varios
1073 552 1169 618 huius
1184 553 1234 619 rei
1257 555 1414 621 habemus

235 663 348 741 testea,
370 676 506 738 quorum
525 656 755 739 gravissimum
777 655 912 721 afferam
934 655 1086 737 Plinium,
1108 656 1183 721 Nat.
1206 655 1282 720 hist.
1304 656 1413 723 1193:

236 765 359 824 cometes
378 763 412 823 in
436 780 499 823 uno
513 762 606 823 totius
628 759 710 822 orbis
732 759 795 823 ioco
810 760 921 822 colitur
940 760 974 822 in
989 759 1098 840 tempto
1113 757 1230 821 Rornae
1244 758 1414 822 admodum

233 863 361 943 faustus
381 862 451 926 diuo
464 863 607 943 Augusto
621 861 779 925 iudicatus
797 860 835 924 ab
857 862 931 941 ipso,
957 862 1013 944 qui
1033 861 1196 940 incipiente
1218 881 1251 923 eo
1265 864 1416 941 apparuit

236 965 318 1030 badis
340 984 417 1049 quos
437 963 570 1045 faciebat
590 962 702 1027 Veneri
716 963 872 1026 Genetrici
893 983 956 1026 non
978 963 1074 1026 mutto
1092 969 1163 1042 post
1177 962 1291 1025 obitura
1313 966 1414 1044 patris

237 1066 379 1131 Caesaris
399 1069 434 1130 in
455 1066 590 1147 cantepia
612 1066 650 1129 ab
672 1086 706 1129 ec
727 1067 876 1131 instituto.
919 1064 1063 1148 Namque
1091 1065 1139 1128 bis
1160 1065 1258 1129 nabis
1279 1067 1314 1130 in
1334 1087 1414 1148 pau·
1501 1121 1503 1125 ,

234 1170 323 1233 diurn
341 1169 462 1249 prodit:
484 1171 524 1232 iis
544 1171 619 1252 ipsis
642 1169 788 1232 ludorum
803 1188 939 1231 mearant
953 1168 1061 1230 diebus
1081 1168 1171 1232 sidus
1186 1170 1337 1232 erinitum
1357 1189 1414 1250 per
1470 1210 1473 1215 «

234 1279 345 1356 septem
372 1272 436 1336 dies
471 1273 506 1335 in
535 1271 764 1356 reptem-enti
792 1292 870 1355 quae
899 1271 956 1334 sub
985 1270 1242 1351 septentrionibus
1272 1277 1315 1336 est
1344 1292 1413 1335 con-

234 1381 376 1458 spectura.
408 1373 449 1437 Id
470 1373 625 1438 oriebatur
647 1375 730 1437 circa
748 1373 943 1436 undecimam
965 1372 1073 1435 boran
1095 1372 1157 1436 dici
1179 1375 1365 1457 clarumque
1386 1382 1414 1438 et

235 1477 375 1540 omnibus
395 1498 410 1540 e
431 1477 525 1540 terris
549 1478 748 1556 campanum
776 1477 848 1555 fuit.
901 1474 949 1538 Eo
971 1475 1068 1538 sidere
1096 1474 1273 1559 significari
1302 1477 1415 1557 culpus

235 1580 364 1643 credidit
387 1579 528 1643 Caesaris
549 1581 690 1642 animone
710 1581 791 1642 inter
812 1579 939 1642 deorum
962 1578 1185 1641 immortalium
1209 1581 1345 1642 numina
1366 1600 1413 1643 re-

234 1690 358 1766 ceptam,
380 1703 440 1767 quo
462 1685 583 1747 nornine
608 1683 642 1746 id
669 1685 792 1766 insipne
813 1683 981 1746 simulacro
1003 1683 1097 1761 capiti
1127 1684 1199 1763 eiras,
1230 1682 1315 1765 quod
1342 1702 1414 1746 mou

233 1788 268 1849 in
288 1786 359 1866 foro
381 1788 621 1849 consecravimus
651 1785 803 1849 adiectum
833 1785 916 1868 ese1)
968 1783 1095 1866 Quibus
1124 1785 1272 1866 Augusti
1301 1785 1413 1852 verbis

235 1888 419 1968 explicatur
433 1889 536 1970 nobis,
559 1890 714 1969 quomodo
737 1888 863 1953 tactum
878 1887 932 1969 sit,
955 1892 992 1952 ut
1008 1887 1115 1969 opinio
1130 1887 1191 1951 illa
1206 1887 1375 1968 popularis
1386 1887 1412 1971 2)

236 1992 317 2055 adeo
341 1995 528 2072 augeretur,
550 1996 588 2054 ut
609 1991 662 2055 vel
685 2002 803 2070 poetae
832 1991 867 2054 in
897 1991 1001 2055 doctis
1032 1989 1231 2056 carminibus
1262 2008 1332 2054 eam
1362 2008 1412 2055 re·

234 2093 406 2173 spicerent.
457 2092 512 2157 Ita
534 2091 700 2173 Vergilius
730 2092 879 2157 Caesaris
909 2093 1039 2157 stellam
1068 2093 1261 2158 mortalibus
1295 2093 1412 2158 saluti-

233 2195 337 2260 feram
359 2195 512 2261 leudibus
535 2194 674 2275 extollit,
696 2195 807 2276 Eclog.
832 2195 883 2259 IX
905 2197 1042 2275 disqu:

388 2333 462 2380 ecce
485 2313 666 2379 Dionaeam
689 2313 849 2395 prooessit
872 2313 1023 2379 Caesaris
1046 2320 1170 2380 astrum

387 2423 520 2499 astrum,
544 2436 606 2497 quo
629 2423 759 2500 segetes
780 2419 963 2498 gauderent
985 2416 1137 2498 frugibus
1160 2420 1195 2482 et
1218 2436 1281 2497 quo

387 2521 521 2585 duceret
543 2519 664 2601 apricis
686 2520 721 2585 in
743 2520 882 2585 collibus
904 2539 971 2586 uva
993 2520 1171 2604 colorem.³)

317 2657 364 2721 Et
385 2657 534 2738 pluribus
554 2657 664 2723 verbis
687 2656 825 2722 Ovidius
855 2655 1032 2738 descripsit
1066 2656 1143 2722 Iulii
1166 2655 1317 2722 Caesaris
1340 2656 1413 2723 sive

233 2759 497 2824 catasterismum
526 2759 598 2825 sive
619 2759 819 2842 apotheosin,
848 2760 928 2824 Met.
954 2759 1019 2824 XV
1042 2761 1106 2824 839
1114 2778 1190 2841 squ,
1219 2759 1275 2825 ubi
1298 2759 1412 2825 Venus

233 2861 311 2927 diva
332 2866 440 2926 mater
460 2861 600 2925 animam
624 2862 792 2926 morientis
815 2880 923 2926 secum
947 2862 1060 2927 evehit
1081 2880 1218 2942 eamque
1247 2861 1357 2928 subito
1377 2861 1412 2926 in

234 2963 364 3027 stellam
383 2961 506 3027 mutari
525 2963 645 3026 sentit:

828 3082 908 3148 luna
931 3083 1022 3150 volat
1045 3084 1145 3150 altius
1168 3084 1237 3167 illa,

385 3184 675 3266 flammiferumque
698 3187 833 3252 trahens
857 3186 1000 3269 spatioso
1020 3186 1126 3252 limite
1149 3187 1271 3252 crinem

385 3288 486 3354 stella
511 3287 652 3374 micatf)

316 3424 387 3508 Quo
410 3432 520 3491 autem
541 3428 635 3492 modo
661 3428 705 3491 ad
727 3426 878 3493 Caesaris
908 3427 1091 3508 exemplum
1117 3425 1249 3506 plurimi
1270 3424 1411 3506 impera·

317 3594 338 3663 ¹)
355 3595 452 3649 Fusior
470 3595 503 3649 de
520 3595 614 3649 eodem
632 3611 662 3649 re
679 3600 721 3650 est
739 3595 812 3649 Serv.
831 3595 887 3649 Eoi.
908 3596 949 3649 IX
966 3595 1014 3664 463
1032 3595 1095 3650 vide
1114 3594 1197 3649 etiam
1218 3595 1285 3649 Aen.
1299 3594 1339 3649 VI
1351 3593 1411 3647 790.

231 3678 370 3749 Imagines
381 3680 548 3736 nummarias
560 3680 682 3735 Caesaris
700 3680 780 3734 stello
792 3681 881 3735 ornati
899 3681 1037 3749 congessit
1049 3697 1074 3735 v.
1087 3680 1113 3734 d.
1131 3681 1245 3735 Cohen
1263 3677 1412 3734 Mannaies

228 3763 355 3834 srappe'es
372 3781 436 3819 eous
454 3765 483 3819 la
508 3765 611 3834 republ.
629 3765 711 3821 Boua
730 3766 745 3819 I
763 3782 825 3834 pag.
845 3766 886 3820 79.

317 3852 338 3920 ²)
356 3852 485 3920 Dignites
509 3867 577 3921 gens
600 3852 733 3919 quaedam
756 3852 861 3906 inculte
884 3850 1019 3920 principes
1043 3852 1072 3906 in
1093 3857 1219 3919 cometas,
1245 3850 1359 3905 clientes
1381 3848 1411 3904 in

229 3936 359 4006 vulgares
376 3938 469 3992 stellas
488 3937 590 3992 mutari
608 3943 702 4005 putat3
721 3953 746 3991 v.
765 3937 791 3991 J.
810 3937 841 3991 C.
861 3937 988 3991 llbller
1006 3938 1023 3991 l.
1042 3938 1060 3991 l.
1079 3953 1142 4005 pag.
1162 3937 1222 3991 256.

198 4010 202 4016 ⁵
316 4021 337 4091 ³)
355 4023 426 4078 Vide
444 4038 513 4090 quoe
531 4023 565 4077 de
582 4023 706 4077 cunicula
724 4022 842 4077 diximus
868 4039 950 4091 supra
974 4039 1037 4092 pag.
1056 4023 1104 4091 453
1123 4030 1151 4077 et
1169 4021 1293 4076 canicula
1317 4024 1346 4074 et
1369 4035 1413 4074 oo·

229 4113 305 4162 meta
322 4125 376 4162 non
394 4125 499 4176 semper
516 4108 649 4176 pestifere
670 4118 735 4162 sunt
753 4109 872 4162 numina.

316 4193 337 4261 ⁴)
355 4193 460 4248 Valerii
477 4194 589 4248 Maximi
606 4195 677 4248 looos
695 4195 748 4248 huo
765 4200 920 4262 spectantes
939 4210 973 4249 ex
990 4201 1069 4262 parte
1091 4194 1146 4248 iem
1171 4209 1254 4261 supra
1276 4208 1340 4261 pag.
1359 4189 1411 4243 132

230 4278 387 4347 attulimns3
405 4280 556 4334 addendum
576 4285 619 4334 est
635 4280 717 4348 1112,
732 4279 764 4332 19
782 4278 913 4348 (siderum
927 4279 1034 4333 clarum
1046 4279 1126 4333 boue
1138 4277 1232 4332 diuum
1244 4275 1362 4346 Iulium)
1380 4280 1410 4330 et

230 4362 272 4417 VI
288 4362 312 4431 9,
338 4363 371 4416 lb
388 4363 431 4432 (0.
450 4363 551 4418 Cacsar
569 4407 575 4419 .
595 4408 601 4420 .
620 4365 808 4419 clarissimum
825 4364 925 4419 raaudi
942 4364 1039 4435 eidus).
1441 4372 1445 4380 ‘
