3278 4964
226 367 289 433 164
675 364 826 420 Guilelmus
844 364 951 419 Gundel
1352 364 1409 452 [72

311 535 429 602 Mirum
459 554 523 601 non
554 540 621 616 est,
648 536 733 616 quod
762 535 1002 600 recentioribus
1032 534 1140 617 imago
1170 535 1266 600 boum
1295 539 1410 601 conta·

227 640 352 705 minata
373 643 425 704 est
447 657 519 704 cum
542 637 686 720 imagine
709 637 858 718 plaustri.
903 637 1004 703 Cuius
1026 637 1076 703 rei
1098 638 1265 718 complura
1288 642 1410 704 extant

225 741 382 823 exempla,
405 759 540 822 quorum
563 758 662 805 unum
685 739 819 805 afferam
842 739 954 806 Ovidii
976 740 1055 804 Met.
1077 740 1111 804 X
1133 740 1212 805 446:

860 841 1013 922 interque
1036 842 1172 907 Triones

403 945 544 1011 flexerat
564 943 694 1025 obliquo
717 945 901 1025 plaustrum
924 948 1053 1009 temone
1073 944 1202 1009 Bootes.

315 1066 381 1132 Sed
403 1065 433 1130 is
455 1070 565 1130 mente
581 1070 709 1130 tantum
734 1065 831 1131 boves
853 1068 981 1130 temone
1005 1063 1134 1129 additos
1157 1063 1302 1145 videbat,
1325 1081 1408 1144 quos
1466 1087 1469 1091 ¹

227 1168 330 1236 oculis
346 1166 532 1248 conspicere
547 1185 612 1232 non
627 1167 743 1248 potuit.
765 1166 859 1249 Erat,
875 1185 946 1232 oum
960 1171 1111 1247 putarem
1126 1165 1264 1231 Festum
1278 1182 1409 1246 quoque

226 1272 267 1336 16
279 1271 384 1336 bubus
394 1271 436 1334 61
444 1288 573 1335 currum
582 1269 703 1335 iunctis
716 1269 865 1352 cogitare
874 1293 880 1348 ;
890 1287 966 1334 nam
978 1267 1059 1334 dicit
1071 1288 1101 1349 p.
1110 1269 1173 1334 339
1181 1269 1216 1332 Μ
1228 1269 1268 1333 16
1276 1271 1410 1348 septen-

225 1372 406 1439 trionibus:
427 1379 537 1455 septem
558 1372 664 1436 mellae
681 1371 783 1454 appell
798 1421 805 1435 .
820 1421 828 1436 .
843 1421 872 1435 ..
894 1369 952 1434 bos
965 1371 1088 1435 1666116.
1123 1369 1227 1454 Quem
1249 1388 1268 1435 6
1282 1369 1409 1452 Hygin.

226 1480 348 1541 astron.
370 1475 441 1540 112
463 1494 493 1555 p.
509 1474 586 1541 32ss
616 1476 862 1556 suppleverunt,
885 1472 941 1553 qui
963 1477 1137 1554 utramque
1159 1471 1336 1554 imaginem
1360 1472 1410 1539 sic

226 1577 261 1644 in
284 1595 382 1643 unam
404 1577 545 1658 redigit:
568 1597 605 1640 ec
626 1581 737 1659 septe-m
751 1576 850 1640 stellis
871 1575 950 1639 door
972 1595 1050 1659 quoe
1066 1594 1161 1660 poros
1180 1581 1208 1638 ct
1222 1576 1356 1638 mommo
1373 1577 1410 1639 o'o

225 1700 289 1743 ooo
312 1680 374 1743 loco
395 1679 581 1760 viderentur,
602 1698 659 1761 pro
680 1678 777 1741 bubos
788 1677 982 1759 haberentur,
1006 1677 1142 1761 reliquae
1156 1681 1257 1741 cotem
1273 1679 1411 1760 quinque

225 1780 364 1862 figuram
389 1781 526 1863 placari
559 1782 740 1846 cimibrent.
792 1781 862 1846 Hoc
892 1787 1007 1861 postea
1035 1784 1145 1846 mente
1175 1778 1411 1862 excogitatum,

226 1902 291 1948 non
306 1882 459 1964 primitus
474 1883 576 1948 oculis
592 1887 798 1963 conspectum
815 1901 886 1948 esse
897 1882 971 1963 ipsa
985 1881 1233 1947 constellatione
1249 1883 1410 1947 docemur.

228 1984 292 2050 Sed
314 1983 536 2050 necessarium
557 2003 622 2049 non
645 1991 696 2049 est
714 1989 863 2049 statuere
877 1984 1013 2049 Festum
1036 1986 1076 2049 de
1093 1985 1200 2050 bubus
1222 1985 1265 2048 ad
1280 2001 1412 2049 currum

228 2085 351 2153 iunctis
374 2085 554 2168 cogitasse:
586 2086 620 2151 in
642 2088 779 2151 terendo
806 2104 932 2166 quoque
962 2084 1085 2152 triones
1114 2085 1190 2169 iugo
1221 2085 1412 2169 iunguntur.

234 2188 328 2272 Quod
350 2191 596 2255 demonstratur
617 2188 654 2254 Il.
677 2189 745 2254 XX
767 2189 924 2269 neema:

386 2289 431 2367 ὡς
452 2289 482 2353 δ’
504 2289 556 2354 ὅτε
577 2313 626 2367 τις
648 2289 740 2374 ζεύξῃ
763 2291 843 2371 βόας
865 2290 1000 2375 ἄρσενας
1021 2290 1264 2373 εὐρυμετώπους

384 2397 566 2478 τριβέμεναι
587 2404 642 2476 κρῖ
662 2392 773 2457 λευκὸν
795 2390 958 2478 ἐϋκτιμένῃ
981 2389 1014 2456 ἒν
1036 2391 1134 2476 ἀλωῇ.

314 2516 369 2581 lta
387 2520 518 2582 veteres
534 2520 658 2597 septem
681 2515 756 2580 illos
776 2516 903 2582 triones
918 2513 1097 2580 habuerint
1111 2533 1169 2594 pro
1185 2513 1293 2579 tribus
1313 2514 1412 2579 boum

229 2618 327 2700 iugis
350 2636 486 2699 quorum
508 2636 608 2683 unum
630 2619 737 2703 tres,¹)
760 2619 822 2684 duo
845 2618 939 2684 binos
960 2619 1061 2683 boves
1084 2617 1307 2683 continebant.

316 2721 487 2785 Hactenus
510 2722 551 2785 16
573 2720 789 2802 opinionibus,
810 2738 892 2800 quas
923 2738 980 2800 pro
1011 2737 1090 2785 vere
1112 2717 1268 2784 Romanis
1298 2718 1413 2801 habeo,

232 2826 291 2886 aut
313 2840 451 2901 quarum
473 2822 632 2904 originem
654 2841 808 2904 graecam
836 2821 923 2902 aptis
954 2821 1159 2905 argumentis
1188 2823 1414 2887 demonstrare

230 2940 364 3002 nequeo.
408 2923 559 2988 Vidimus
586 2923 749 2989 Romanos
772 2943 853 3006 erga
875 2928 999 3004 septem
1022 2923 1136 2990 stellas
1158 2923 1299 3005 simplici
1325 2922 1414 3006 cogi·

231 3024 358 3090 tatione
379 3026 523 3090 humana
538 3044 612 3091 usos
629 3045 708 3107 esse,
730 3046 794 3092 non
810 3032 976 3107 tamqnam
999 3027 1148 3093 facerent
1164 3030 1241 3093 deas
1257 3026 1311 3093 vel
1327 3028 1413 3092 deos.

231 3127 344 3209 Neque
372 3126 458 3193 enim
486 3127 577 3211 agris
602 3131 765 3195 nocebant
795 3133 834 3194 ut
864 3129 1028 3211 canicula,
1058 3131 1267 3210 quamobrem
1294 3130 1411 3194 deerat

231 3231 338 3314 timor,
361 3229 417 3313 qui
440 3232 618 3297 secundum
639 3232 828 3298 Lucretium
852 3232 976 3313 primus
999 3232 1034 3297 in
1056 3233 1135 3298 orbe
1157 3234 1235 3297 deos
1258 3231 1348 3296 fecit.

317 3333 390 3398 Iam
427 3336 468 3399 ad
505 3335 689 3400 sententias
735 3355 755 3400 6
791 3335 930 3402 Graecis
967 3336 1158 3416 desumptas
1190 3339 1414 3399 transeamus.

232 3436 376 3520 Quarum
406 3437 635 3520 gravissimam
665 3437 731 3503 iam
761 3457 862 3520 supra
891 3457 921 3518 p.
951 3438 992 3502 68
1022 3435 1255 3519 indicavimus,
1286 3435 1343 3502 ubi
1372 3436 1414 3501 de

232 3559 335 3606 ursa
358 3541 530 3623 agebatur.
575 3540 647 3624 Qua
669 3560 706 3606 re
724 3539 846 3607 Graeci
864 3539 1000 3605 adducti
1023 3539 1099 3622 sint,
1123 3544 1161 3604 ut
1184 3538 1299 3623 ἄρκτον
1321 3555 1416 3603 suam

232 3641 429 3724 invenirent,
453 3644 514 3708 lroc
529 3647 677 3708 statuere
692 3647 839 3708 nostrum
854 3661 918 3708 non
935 3651 994 3708 est.
1039 3640 1149 3725 Quare
1165 3640 1211 3718 ὡς
1224 3639 1258 3704 ἐν
1276 3636 1414 3724 παρόδῳ

232 3749 362 3811 tantum
378 3734 493 3827 dicam,
515 3745 594 3824 quid
610 3744 681 3825 ipse
697 3744 846 3810 sentiam.
881 3743 1153 3825 Antiquissimam
1168 3744 1254 3810 hanc
1269 3741 1415 3824 appella·

233 3846 354 3912 tionem
377 3865 448 3913 esse
471 3852 505 3912 et
526 3846 593 3912 iam
616 3846 863 3929 Indogermanis
894 3865 973 3928 quos
995 3853 1118 3914 vocant
1139 3852 1260 3930 notam,
1282 3842 1415 3927 plurimi

233 3950 472 4034 contendunt.²)
525 3948 691 4033 Quantum
723 3951 766 4014 61
794 3950 1026 4032 veriloquium,
1056 3949 1273 4016 recentiorum
1302 3947 1415 4030 plures

234 4085 348 4139 mirobeo
375 4102 427 4139 cos
452 4085 581 4155 Babylon
607 4102 633 4153 p.
658 4085 723 4154 212,
748 4086 927 4140 Winckler
954 4085 1194 4140 Altorieotab'scbe
1220 4083 1416 4154 Foracboopco

234 4171 259 4224 3.
277 4169 362 4224 Boibe
380 4171 432 4225 vol.
451 4172 465 4224 I
483 4188 509 4239 p.
522 4170 579 4225 181.
698 4224 701 4231 .

325 4255 345 4319 ¹)
363 4256 463 4325 Iugum
482 4272 534 4324 quo
552 4263 608 4311 tres
627 4256 708 4311 boves
726 4256 879 4326 iungantur
896 4263 1087 4312 commemorat
1104 4257 1254 4312 Columella
1271 4256 1328 4311 116
1346 4255 1416 4310 med.

324 4340 344 4410 ²)
362 4341 476 4410 Kaegi
500 4341 602 4395 donat
622 4341 750 4397 Fleckeis.
771 4343 857 4398 cxxl
875 4343 934 4411 462,
959 4343 990 4398 G.
1010 4343 1153 4398 Curtius
1179 4341 1345 4411 0666161196
1368 4338 1417 4394 der
