3292 4958
160 369 235 456 121]
380 371 421 425 De
439 370 581 425 stellarum
599 370 781 439 appellatione
799 376 827 426 et
843 371 976 441 religione
993 371 1116 428 Romana
1272 375 1336 440 213

157 544 376 609 Romanorum
391 540 582 624 religionem
597 560 700 623 usque
716 560 753 606 eo
769 560 976 623 progressam
995 561 1060 607 non
1080 562 1151 609 csse
1167 545 1336 630 constat,¹)

158 651 196 711 ut
216 647 257 710 de
279 643 470 710 caelestium
486 644 633 709 conubiis
650 643 821 725 cogitaret.
866 644 928 709 Sed
944 644 1083 711 aliarum
1098 645 1336 728 cogitationum
1400 683 1401 686 π

157 748 318 813 incertum
335 785 337 788 ν
352 747 555 812 Graecarum
588 764 630 811 au
663 746 885 812 Romanarum
919 753 1038 812 extant
1074 748 1226 830 vestigia.
1281 749 1337 815 lta

158 849 277 916 stellae
307 847 454 932 gregis²)
483 848 592 914 instar
621 853 711 931 sunt,
747 847 804 928 qui
842 850 884 914 ab
914 849 1062 930 Hespero
1100 851 1152 916 vel
1182 851 1337 918 Lucifero

159 951 352 1032 custoditur,
381 970 445 1032 qua
468 952 508 1017 de
530 969 566 1015 re
596 969 697 1031 supra
727 950 793 1015 iam
824 950 965 1017 diximus
994 972 1069 1034 pag.
1091 954 1141 1018 30.
1193 953 1229 1020 si
1258 963 1336 1021 vero

158 1054 240 1137 fnit,
269 1053 325 1134 qui
353 1054 517 1119 Romanos
544 1053 659 1118 stellas
689 1072 746 1134 pro
775 1052 988 1134 pumilionum
1018 1060 1155 1121 caterva
1183 1056 1336 1122 habuisse

158 1156 312 1238 ediceret,
334 1155 363 1221 is
385 1155 550 1238 erravit.⁸)

242 1259 401 1324 Attamen
434 1276 552 1323 revera
585 1276 625 1322 ex
655 1276 692 1324 eo
723 1259 808 1338 quod
840 1258 936 1324 Luna
970 1259 1075 1325 stellis
1109 1261 1337 1343 magnitudine

158 1361 368 1443 praestabat,
403 1365 531 1425 veteres
561 1359 759 1426 sententiam
797 1361 940 1441 aliquam
977 1366 1183 1428 statuerunt:
1220 1363 1336 1429 stellas

158 1466 256 1531 lunae
272 1463 421 1529 dominae
436 1471 603 1543 tamquam
619 1463 783 1528 satellites
807 1469 866 1529 aut
885 1461 1079 1546 pedisequos
1095 1484 1175 1531 esse.
1220 1467 1336 1531 Testes
1379 1484 1382 1490 ·

158 1573 236 1632 sunt
258 1565 427 1632 Cornelius
446 1565 587 1630 Severus
609 1564 650 1649 (F
652 1566 709 1631 PR
724 1585 800 1648 pag.
815 1566 923 1648 352,5
946 1569 1036 1650 ignea
1059 1569 1121 1630 icta
1144 1567 1225 1631 caelo
1246 1568 1336 1633 duce·

158 1669 210 1733 bat
229 1669 331 1732 sidera
354 1667 497 1751 Phoebe),
526 1668 701 1733 Petronius
731 1669 846 1753 (satur.
870 1669 932 1734 100
956 1670 1032 1732 lanc
1055 1670 1337 1735 sacramentalibus

158 1774 300 1836 comiato
322 1770 492 1853 siderales),
508 1769 676 1854 Horatius,
699 1772 755 1852 qui
777 1770 812 1835 in
828 1771 973 1837 carmine
996 1772 1158 1838 saeculari
1179 1791 1279 1839 versu
1294 1773 1336 1840 35

159 1873 300 1939 Dianam
322 1873 471 1939 invocat:

364 1976 507 2042 siderum
529 1977 647 2059 regina
668 1976 813 2042 bicornis
835 1975 923 2059 audi,

363 2079 467 2162 Luna,
489 2078 656 2162 puellas⁴)

242 2181 294 2246 En
317 2182 420 2247 habes
443 2181 626 2263 opinionem
641 2181 745 2248 fuisse
766 2182 882 2248 stellas
907 2184 1039 2249 deorum
1062 2183 1237 2263 ministros,
1265 2203 1336 2250 seu·

158 2282 297 2349 tentiam
335 2286 420 2366 apud
454 2285 616 2350 Romanos
648 2286 715 2350 late
745 2285 904 2350 diffusam.
964 2286 1060 2351 Hanc
1093 2286 1335 2367 persuasionem

158 2385 371 2469 popularibus
393 2386 574 2452 Varronem
598 2387 752 2453 attulisse
768 2386 993 2453 Tertullianus
1016 2388 1071 2471 (ad
1086 2388 1237 2454 nationes
1252 2387 1288 2453 ΙΙ
1303 2387 1336 2473 3)

158 2492 194 2554 et
213 2489 419 2572 Augustinus
440 2494 562 2570 putant
584 2489 637 2573 (de
653 2489 789 2556 civitate
813 2489 1079 2575 deiVI16‚23);
1101 2492 1158 2556 scd
1172 2489 1337 2557 vetustior

158 2597 218 2675 est,
247 2596 287 2657 ut
308 2592 465 2657 Plautino
486 2592 648 2658 Rudentis
677 2593 810 2674 prologo
841 2593 975 2673 saepius
1004 2597 1251 2658 commemorato
1282 2594 1336 2659 do·

158 2712 281 2760 cemur:
318 2694 375 2774 qui
405 2713 560 2777 graecum
590 2694 771 2776 exemplum
801 2700 933 2761 secutus
963 2703 998 2760 et
1027 2695 1197 2761 stellarum
1228 2714 1336 2761 acrem

158 2796 264 2863 visum
295 2802 328 2862 et
357 2797 574 2863 ministerium
604 2798 751 2863 divinum
783 2797 953 2865 coniunxit
985 2798 1050 2880 ita,
1080 2804 1118 2862 ut
1146 2797 1264 2863 stellas
1293 2799 1337 2863 ad

158 2899 268 2966 Iovem
290 2899 415 2965 referre
439 2919 661 2981 quaecumque
683 2900 855 2984 vidissent,
877 2901 1068 2986 narraret.⁶)

454 3070 516 3126 Uad
532 3088 610 3124 meaa
628 3070 677 3124 der
693 3071 776 3124 Stena
793 3071 819 3124 ai
834 3071 942 3124 Matter
959 3071 1031 3125 aiebt

449 3157 486 3211 So
504 3157 575 3210 aoird
593 3174 623 3210 er
642 3156 801 3210 todeableicb
818 3155 877 3209 aad
893 3155 978 3224 fliebt.

159 3239 290 3296 Similiter
313 3241 385 3295 idern
403 3247 483 3310 pocta
507 3258 647 3309 vesperum
671 3241 758 3295 filium
782 3242 846 3295 solis
869 3241 966 3296 matris
990 3240 1064 3308 dicit,
1090 3257 1169 3308 quem
1194 3241 1337 3309 praecipue

159 3331 241 3394 amat,
246 3342 423 3480 &2113ss
430 3326 872 3482 ‹laffigzdjetjrssolffirzntngmm
899 3412 925 3466 si
938 3427 1001 3465 vero
1013 3410 1116 3479 posteri
1128 3411 1222 3464 stellas
1234 3426 1337 3465 sorores

159 3497 194 3565 (v.
213 3513 277 3566 pag.
296 3497 346 3551 116
363 3499 425 3553 adn.
439 3498 466 3566 2)
483 3499 605 3566 laudant,
629 3498 679 3552 hoc
697 3514 731 3552 ex
751 3496 901 3566 peregrinis
918 3496 1040 3551 fontibus
1063 3497 1192 3549 haustum
1210 3494 1336 3550 diximus.

245 3582 266 3652 ¹)
285 3583 356 3637 Aliis
368 3599 475 3652 quoque
487 3585 592 3651 populis
610 3584 750 3638 stellarum
764 3582 912 3637 multitudo
925 3597 993 3651 grex
1005 3597 1137 3650 agnorum
1150 3587 1205 3635 est:
1224 3595 1337 3635 comme·

159 3683 259 3722 morem
278 3669 364 3723 solum
382 3669 576 3723 Germanorum
596 3685 690 3724 versus
708 3668 845 3723 notissimi
863 3667 974 3734 eiusque
992 3665 1184 3735 simplicissimi
1202 3665 1336 3734 carminis,

159 3767 212 3820 quo
223 3752 344 3808 infantes
355 3753 472 3821 inquieti
483 3755 640 3821 placantur:
653 3754 713 3808 Der
722 3753 811 3808 Moad
823 3753 871 3807 der
882 3753 921 3806 tat
932 3751 982 3806 das
994 3751 1173 3820 Sabdferlein,
1186 3750 1229 3805 dic
1241 3750 1337 3806 sarm

158 3837 222 3892 sind
239 3837 283 3893 die
300 3837 499 3907 Ldmmerleia3
518 3840 581 3894 vide
596 3840 680 3894 etiam
692 3841 726 3894 de
738 3840 789 3895 hac
801 3840 994 3894 Germanorum
1013 3837 1167 3906 opinatione
1179 3837 1211 3892 E.
1224 3837 1338 3905 Meyer

158 3923 176 3977 l.
193 3923 212 3978 l.
230 3939 294 3993 pag.
312 3924 363 3978 219
380 3941 401 3979 s.
419 3925 478 3978 602.

246 4007 266 4076 ⁸)
285 4010 524 4064 Schwartzius
541 4011 559 4065 l.
577 4011 595 4065 l.
613 4026 676 4079 pag.
690 4010 741 4063 269
758 4010 829 4064 falsa
846 4009 954 4064 Horatii
966 4008 1191 4077 interpretatione
1209 4007 1337 4063 inductus

159 4094 245 4164 (epod.
263 4095 315 4149 XV
332 4096 348 4149 2
367 4095 440 4149 inter
457 4095 568 4149 minora
584 4094 676 4148 sidera
692 4094 816 4164 fulgebat
833 4095 916 4163 lanc).

244 4180 266 4251 ⁴)
284 4181 354 4236 Vide
372 4181 455 4237 etiam
474 4182 590 4236 Senecae
608 4182 641 4235 de
659 4181 724 4235 ovili
742 4198 768 4236 v.
785 4181 803 4233 3
821 4181 907 4248 (PLll
925 4181 965 4234 IV
982 4196 1045 4249 pag.
1063 4179 1121 4248 bil:

364 4274 439 4322 astra
458 4266 532 4322 subit
550 4267 640 4321 niveis
659 4266 766 4321 Phoebe
784 4267 906 4321 subiecta
923 4265 1052 4320 iuvencis.

245 4350 267 4422 ι)
285 4351 355 4407 Vide
373 4369 455 4422 supra
472 4370 535 4422 pag.
556 4352 612 4406 111.
