3278 4964
226 359 288 421 166
680 355 831 410 Guilelmus
850 353 956 408 Gundel
1349 351 1410 440 [74

225 527 354 609 graecis
377 532 490 607 postea
514 529 612 590 aucta
635 530 686 590 est
709 525 830 590 additis
853 523 1010 606 proximis
1026 525 1132 590 stellis
1156 525 1409 611 obscurioribus

225 631 276 694 ita
295 634 333 695 ut
355 629 463 710 imago
486 628 628 708 quinque
645 631 679 692 et
694 626 817 708 viginti
832 627 1001 692 stellarum
1026 629 1193 693 evaderet.
1236 628 1307 694 Hoc
1324 648 1410 695 com·

225 732 370 813 perimus
386 750 426 796 ex
441 730 573 813 Hygino
587 733 663 794 astr.
675 729 711 793 H
726 731 745 793 2
758 749 787 809 p.
800 730 891 794 3213:
911 737 1016 812 posteo
1031 733 1112 793 entra
1128 730 1163 792 de
1178 737 1289 810 septem
1303 731 1402 795 stellis

227 839 260 896 ut
283 833 506 896 Parmeniscus
528 834 582 913 cit,
606 833 741 914 quiaque
770 839 797 894 et
818 834 929 914 otpioti
949 836 1064 894 secato
1095 831 1279 915 quibasdam
1309 838 1411 896 ostro·

227 937 302 1019 lopts
322 937 509 1016 constitutae,
532 939 567 996 at
588 953 683 996 cresce
704 936 824 1013 specics,
856 954 918 996 ooo
939 938 1050 1013 septem
1073 934 1178 1017 stellis,
1199 933 1411 1017 perficeretur.

226 1039 318 1120 Quae
348 1037 466 1103 stellae
493 1038 648 1117 quomodo
679 1036 857 1102 collocatae
887 1036 1027 1120 fuerint,
1059 1037 1165 1102 fusius
1197 1040 1293 1103 docet
1320 1038 1409 1104 idem

226 1139 379 1222 Hyginus
417 1143 495 1205 astr.
532 1139 585 1203 ΙΙΙ
618 1141 634 1203 1
666 1158 695 1219 p.
725 1140 764 1204 81
782 1139 818 1202 Β.
884 1138 1105 1204 ArtificIosam
1145 1139 1229 1204 hanc
1266 1139 1409 1222 figuram

226 1242 442 1323 posteriorum
465 1246 680 1307 commentum
704 1260 775 1306 esse
796 1241 896 1306 etiam
917 1241 1126 1322 Hipparchus
1142 1241 1184 1325 (p.
1200 1243 1253 1324 46,
1270 1245 1289 1308 8
1305 1243 1410 1328 Man.)

228 1345 439 1427 demonstrat,
461 1344 518 1423 qui
540 1348 665 1424 septem
689 1348 819 1407 tantum
841 1345 955 1408 stellas
977 1343 1116 1411 noverit.

313 1447 380 1512 Ubi
402 1449 483 1512 haec
499 1447 698 1512 Graecorum
714 1447 865 1510 doctrina
888 1448 928 1510 de
950 1465 1036 1528 ursa,
1058 1446 1251 1527 praesertim
1272 1448 1313 1510 de
1329 1465 1409 1512 ursa

227 1549 350 1633 viginti
373 1551 516 1630 quinque
539 1550 645 1615 stellis
669 1548 856 1630 composita,
879 1549 968 1614 inter
989 1548 1208 1614 Romanorum
1238 1547 1409 1630 opiniones

226 1658 361 1734 recepta
383 1658 443 1735 est,
465 1653 546 1716 miro
569 1654 661 1718 modo
684 1653 770 1717 hanc
792 1670 865 1717 cum
894 1652 1035 1732 plaustri
1058 1651 1189 1717 notione
1211 1656 1411 1734 componunt

228 1756 285 1837 ita,
305 1762 343 1820 ut
365 1755 548 1836 plaustrum
572 1759 697 1835 septem
725 1753 928 1819 flammarum
952 1772 1029 1834 pars
1063 1753 1109 1819 sit
1138 1772 1236 1819 ursae
1265 1753 1409 1834 plurium

229 1861 409 1939 astrorum,
439 1876 501 1937 quo
532 1856 641 1938 fiebat,
670 1861 709 1921 ut
739 1857 946 1921 coniunctum
977 1863 1012 1922 et
1039 1856 1205 1921 confusum
1233 1861 1409 1936 utrumque

228 1959 423 2026 vocabulum
439 1962 549 2038 posset
564 1959 647 2038 poni.
692 1958 747 2022 Sin
762 1957 889 2023 Statius
907 1959 1009 2024 Theb.
1021 1959 1073 2023 III
1089 1960 1153 2024 684
1168 1959 1235 2022 solo
1251 1961 1412 2038 superstite

227 2061 369 2143 pauso-0
391 2060 503 2123 Arctos
518 2060 614 2139 dicit3
637 2058 757 2124 similia
778 2060 935 2142 leguntur
957 2062 1044 2126 Man.
1059 2062 1077 2127 I
1092 2063 1155 2127 619
1178 2061 1290 2145 (Ursae
1313 2081 1409 2144 qemm

228 2169 339 2245 septem
360 2163 463 2226 stellae
485 2214 492 2228 .
515 2213 522 2229 .
542 2162 741 2245 producunt),
765 2163 837 2228 Seu.
861 2162 957 2227 Herc.
981 2163 1052 2229 Oet.
1074 2165 1157 2229 1523
1182 2164 1248 2247 (sub
1266 2165 1410 2244 plaustro

229 2265 344 2349 cosae),
359 2265 481 2330 eroan.
497 2265 544 2330 IV
560 2265 622 2332 523
642 2264 771 2349 (temone
786 2265 898 2349 ursae),
922 2266 1039 2331 Avien.
1054 2267 1090 2331 Π
1106 2267 1190 2332 1230
1205 2265 1363 2351 (plaustro
1378 2318 1386 2332 .
1401 2314 1411 2331 .

228 2367 402 2450 Ipcooaioc
417 2369 535 2451 orsae),
552 2367 719 2433 Claudian.
731 2367 749 2432 I
760 2369 801 2433 26
817 2369 969 2451 (plaustro
984 2370 1159 2432 totermr'cot
1174 2369 1295 2454 arctos),
1311 2388 1411 2435 carm.

228 2471 305 2538 min.
329 2472 415 2537 LIII
438 2475 476 2537 11
499 2472 613 2556 (arctos
634 2471 846 2554 toocce'clm‘qccc
869 2474 1006 2554 triones).

315 2575 414 2641 Vario
453 2580 561 2640 autem
595 2577 688 2639 modo
725 2575 971 2640 exornabantur
1007 2575 1047 2638 de
1085 2579 1210 2654 septem
1247 2572 1411 2640 trionibus

229 2677 425 2758 sententiae,
447 2683 620 2758 postquam
643 2677 841 2742 Graecorum
862 2675 995 2742 fabulae
1026 2695 1046 2740 a
1068 2675 1225 2744 Romanis
1255 2676 1409 2741 adhiberi
1463 2750 1467 2758 ,

231 2783 423 2858 coeperunt3
447 2783 484 2842 nt
507 2778 630 2843 Avieni
652 2779 764 2845 verbis
787 2783 864 2843 utar
882 2779 917 2842 II
941 2779 1018 2844 103:
1363 2858 1365 2863 Ι

384 2898 463 2946 voce
486 2879 574 2944 feras
597 2899 755 2960 ursasque
779 2885 813 2944 et
835 2881 985 2961 plaustra
1006 2899 1124 2947 vocare
1144 2881 1293 2963 solemus

384 2980 401 3045 f
406 2983 533 3047 abula
555 3000 694 3061 namque
717 2984 864 3065 ursa<s>‚
891 2983 1016 3064 species
1039 2985 1098 3048 dat
1120 2983 1270 3063 plaustra
1292 2980 1409 3049 videri.

317 3082 446 3148 Talium
469 3084 694 3149 narrationum
714 3085 821 3150 minus
836 3086 1007 3167 uulgarem
1030 3084 1136 3150 tradit
1151 3085 1305 3168 Hyginus
1329 3088 1410 3150 astr.

231 3186 301 3252 112
317 3207 347 3267 p.
363 3187 455 3252 3213:
478 3187 624 3269 geminos
647 3188 771 3253 triones
795 3190 956 3269 quondam
978 3189 1138 3270 nymphas
1152 3187 1254 3254 fuisse
1269 3187 1410 3254 Helicen

231 3295 266 3355 et
288 3289 488 3372 Cynosuram
511 3290 704 3374 appellatas,
727 3310 811 3373 quae
834 3293 918 3371 quod
934 3291 1044 3359 Iovem
1061 3290 1222 3356 aluissent
1237 3308 1296 3372 pro
1311 3291 1410 3356 bene·

230 3392 303 3458 ficio
326 3392 414 3458 inter
436 3394 550 3459 stellas
573 3398 683 3459 essent
705 3399 867 3476 receptae.
918 3393 989 3458 Has
1012 3393 1171 3474 nymphas
1202 3393 1306 3458 vitam
1336 3410 1411 3457 cae·

230 3496 347 3561 lestem
376 3495 423 3560 ibi
453 3504 590 3578 agentes
619 3496 715 3561 finxit
753 3496 889 3562 Ovidius
919 3496 1012 3561 Fast.
1042 3496 1091 3561 IV
1120 3496 1199 3577 577,
1229 3494 1287 3560 ubi
1310 3494 1412 3560 Ceres

230 3603 354 3679 septem
377 3598 501 3664 triones
525 3599 719 3679 alloquitur:

334 3701 552 3766 Parrhasides
575 3701 701 3783 stellae,
723 3718 862 3780 namque
885 3699 993 3765 omnia
1014 3719 1109 3766 nosse
1131 3698 1281 3782 potestis,

385 3821 565 3883 aequoreas
587 3821 764 3884 numquam
786 3822 859 3868 cum
881 3802 1029 3869 subeatis
1052 3803 1193 3886 aquas.¹)

318 3906 379 3970 Oui
408 3904 580 3987 quaerenti
611 3904 709 3970 etiam
740 3923 930 3986 responsum
963 3907 1021 3970 dat
1050 3905 1165 3972 Helice
1194 3923 1224 3971 v.
1252 3903 1315 3970 580
1326 3921 1411 3984 sqq:

232 4025 273 4073 en
295 4009 397 4074 habes
420 4007 604 4089 opinionem
626 4007 718 4073 illam
741 4007 851 4072 sidera
874 4013 1050 4074 terrestres
1066 4026 1176 4073 omues
1193 4025 1245 4072 res
1260 4007 1411 4089 lustrare,

232 4157 322 4225 capite
340 4165 368 4213 et
385 4160 452 4214 collo
470 4160 550 4229 paulo
568 4159 690 4229 longiore
707 4175 786 4214 ursae
803 4160 957 4215 habuerint.
998 4161 1074 4227 Quod
1098 4160 1122 4214 si
1139 4161 1302 4227 conceditur,
1329 4156 1412 4227 gregi

231 4243 372 4298 imminere
390 4245 543 4314 videbatur,
567 4261 648 4313 quam
666 4245 800 4300 Arcturus
825 4246 858 4300 ab
876 4262 940 4300 ursa
958 4245 1141 4314 custodiebat,
1168 4262 1194 4300 y.
1219 4261 1301 4313 snpra
1324 4260 1350 4311 p.
1368 4243 1411 4301 55.

231 4393 233 4399 Ι
319 4328 339 4397 ¹)
357 4329 399 4383 De
417 4330 549 4385 trionibus
567 4329 700 4398 ἅμμόροις
718 4328 838 4400 λοέτρων
855 4328 989 4383 Ὠκεάνοιο
1007 4331 1070 4386 Vide
1087 4329 1159 4385 inira
1177 4347 1203 4398 p.
1223 4330 1255 4384 78
1262 4346 1301 4397 sq.
