3278 4964
225 241 282 322 45]
451 239 492 292 De
511 238 653 292 stellarum
671 237 852 306 appellatione
870 244 899 292 et
916 237 1048 307 religione
1066 238 1187 293 Romana
1345 245 1407 311 137

312 411 424 492 Quare
447 409 531 475 hanc
554 407 675 491 Robigi
698 407 889 490 religionem
912 429 932 474 a
955 409 1092 475 caninae
1110 411 1228 476 stellae
1250 417 1408 479 remotam

227 520 407 582 teneamus.

312 617 383 684 Iam
406 617 448 681 ad
470 613 614 694 reliquas
636 613 815 696 opiniones,
837 634 919 694 quas
941 619 1072 681 veteres
1094 615 1233 682 Romani
1255 617 1296 683 de
1320 616 1407 683 Sirio

227 717 413 801 habuerint,
435 722 602 783 transeam
626 721 661 781 et
684 735 739 782 eas
761 716 901 798 primum
931 717 1073 800 afferam,
1102 737 1185 799 quae
1213 719 1407 784 Latmorum

227 820 378 905 propriae
401 819 502 886 fuisse
525 818 605 886 mibi
620 819 783 885 videntur.
828 819 1004 885 Caniculae
1020 829 1167 887 exortum
1184 821 1283 886 nimio
1299 822 1408 887 calore

224 924 379 1008 frugibus
409 941 525 988 nocere
548 922 614 987 iam
645 940 746 1002 supra
775 922 926 1005 vidimus
960 941 1061 1003 quare
1091 923 1271 1005 diligenter
1299 924 1407 989 obser·

227 1030 354 1095 raudus
376 1024 427 1108 iis,
452 1024 507 1106 qui
530 1025 683 1091 arboreta
699 1025 811 1090 colunt
833 1024 928 1107 (Plin.
944 1025 1021 1090 Nat.
1036 1024 1112 1092 hist.
1134 1025 1234 1092 XVII
1249 1026 1321 1091 223.
1336 1025 1409 1106 249,

226 1129 310 1198 XVI
333 1129 404 1211 191,
427 1128 532 1194 XVII
551 1128 635 1211 132).
678 1126 806 1193 Existit
820 1127 985 1192 interdum
1007 1130 1138 1194 morbus
1161 1127 1288 1211 vitium
1311 1145 1407 1208 quem

227 1232 397 1299 caniculae
419 1229 547 1296 auctori
569 1229 770 1295 tribuebant.
815 1229 865 1294 De
888 1231 948 1295 hoc
972 1229 1054 1295 dicit
1072 1229 1200 1295 Plinius
1223 1229 1310 1312 (Nat.
1332 1229 1408 1294 hist.

228 1334 347 1402 XVIII
380 1333 471 1418 272);
508 1334 543 1395 ire
576 1332 629 1395 boc
662 1333 806 1413 temporis
844 1333 1005 1396 dalmalia
1041 1331 1221 1415 (mensibus
1258 1331 1341 1397 Iulio
1374 1338 1409 1396 et

229 1436 392 1520 Augusto)
422 1455 472 1499 res
500 1455 622 1499 aemma
658 1436 767 1498 reliam
804 1436 911 1516 apllasr
939 1434 1102 1498 elacrem
1128 1435 1197 1497 aeis
1228 1433 1327 1497 milcre
1354 1433 1409 1497 illo

227 1539 311 1620 poca
339 1539 514 1603 caniculam
550 1538 787 1618 appellabimur,
825 1536 907 1600 aude
936 1537 1160 1600 carbunculare
1188 1536 1338 1600 diruatur
1373 1540 1409 1598 et

226 1641 360 1722 wedam
395 1641 538 1704 arcadicis
574 1641 703 1703 carbone
738 1644 870 1702 ecanae.
923 1640 976 1706 sic
1014 1640 1191 1705 Marcellus
1221 1638 1408 1720 Empiricus

231 1744 325 1826 (XIV
346 1744 401 1830 64)
431 1764 491 1807 aaa
519 1744 694 1807 carricelala
723 1762 781 1824 pro
811 1742 953 1808 remedio
984 1742 1101 1807 utitur.
1151 1744 1273 1808 Postea
1299 1746 1409 1808 antem

229 1849 376 1913 morbum
391 1847 498 1928 ipsum
514 1846 695 1911 caniculam
711 1846 939 1926 appellabant3
958 1844 1166 1927 Augustinus
1185 1847 1226 1910 ad
1243 1844 1409 1911 Psalmum

231 1951 394 2017 LXXVII
405 1952 446 2015 27
463 1951 506 2016 ad
522 1968 654 2016 versum
670 1950 712 2013 46
728 1948 825 2014 dicit:
841 1948 950 2029 rcbo’po
965 1949 1078 2012 occulte
1088 1953 1192 2024 aocet;
1209 1967 1303 2028 qaam
1317 1947 1409 2010 atara

228 2055 409 2134 aerapc'roeae
438 2053 584 2115 aaarralle'
612 2053 807 2133 interpretati
833 2057 916 2134 saal,
945 2052 1003 2114 alli
1028 2051 1211 2127 anamulata,
1243 2070 1261 2115 e
1292 2050 1409 2130 quibus

230 2157 340 2222 verbis
377 2175 476 2237 quam
518 2162 592 2220 arte
630 2154 764 2236 cognati
794 2154 919 2219 inerint
955 2153 1108 2234 rubigo
1139 2156 1173 2217 et
1202 2152 1409 2233 canicula,

230 2277 315 2337 quae
338 2263 477 2338 utraque
501 2257 617 2324 canino
641 2257 801 2322 sacrificio
824 2256 1027 2338 placabatur,
1051 2255 1167 2321 elucet.

317 2360 452 2440 Saepius
476 2367 586 2426 autem
601 2361 703 2426 fiebat
726 2365 764 2424 ut
780 2357 882 2424 sacris
899 2359 964 2423 rIte
985 2356 1187 2438 perpetratis
1210 2356 1299 2420 calor
1317 2356 1408 2420 laxa-

230 2467 324 2527 retur
346 2467 380 2527 et
401 2463 452 2528 ira
467 2464 637 2529 caniculae
660 2462 829 2528 videretur
851 2479 923 2526 esse
938 2459 1092 2525 delenita
1137 2459 1279 2539 Cumque
1299 2457 1408 2522 laetae

230 2570 488 2631 maturescerent
510 2570 580 2630 tum
604 2570 745 2647 segetes,
768 2564 913 2631 homines
936 2581 974 2628 eo
996 2562 1129 2628 adducti
1148 2566 1235 2643 sunt,
1257 2564 1295 2624 ut
1316 2559 1408 2625 adiu·

229 2667 331 2735 nandi
360 2687 486 2749 qaroque
516 2668 583 2734 uim
613 2668 784 2735 caniculae
806 2669 913 2734 inesse
936 2671 1103 2747 putarent
1147 2664 1240 2747 Quae
1261 2667 1409 2744 potestas

229 2772 360 2852 saepius
378 2772 536 2837 laudatur
551 2770 639 2856 (Tib.
655 2772 691 2837 ΙΙ
708 2774 735 2854 1,
751 2774 809 2853 473
825 2771 936 2837 Colum
952 2770 986 2834 X
1001 2770 1086 2854 400),
1108 2767 1268 2849 imprimis
1284 2765 1409 2833 vitibus

228 2875 272 2941 ad
294 2875 526 2939 maturandum
548 2875 642 2940 utilis
665 2874 768 2959 (Pers.
790 2875 843 2940 III
865 2873 900 2954 53
932 2873 1044 2938 Claud.
1067 2871 1170 2938 XXII
1192 2871 1278 2954 466).
1330 2868 1410 2933 Cum

230 2977 292 3042 bac
322 2977 472 3058 opinione
503 2978 678 3042 cohaerere
704 2977 890 3058 putaverim
920 2975 1201 3056 superstitionem,
1231 2974 1296 3038 mel
1325 2971 1409 3051 quod

229 3078 315 3145 Sirio
338 3080 467 3146 oriente
490 3100 530 3145 en
552 3081 687 3144 aethere
716 3080 852 3144 labatur
882 3079 1028 3143 salutare
1058 3095 1141 3158 esse,
1172 3094 1268 3156 quam
1298 3073 1410 3155 tangit

230 3182 315 3247 Plin.
337 3183 412 3247 Nat.
428 3183 505 3248 bist.
523 3183 575 3247 XI
590 3183 640 3248 30.
656 3183 705 3247 37.
749 3182 863 3261 Neque
884 3186 997 3245 tamen
1017 3181 1058 3244 ad
1081 3197 1180 3243 nuum
1195 3176 1315 3242 Sirium
1337 3194 1409 3241 sese

230 3285 464 3367 applicaverat,
487 3287 544 3351 sed
559 3284 687 3350 omuino
710 3283 743 3347 in
767 3281 924 3347 nobilium
947 3281 1088 3346 siderum
1107 3283 1222 3344 exortu
1237 3278 1336 3342 mella
1350 3295 1409 3356 pro

230 3387 478 3453 medicamentis
514 3406 585 3453 esse
622 3388 794 3466 putabant.
854 3384 918 3450 Sed
955 3382 1105 3464 quoniam
1146 3382 1206 3445 hoc
1244 3379 1307 3444 mel
1336 3378 1408 3459 ipso

230 3487 337 3555 Plinio
360 3495 447 3555 teste
480 3489 511 3574 (ξ
541 3490 595 3569 36)
623 3507 741 3571 graece
770 3488 913 3552 horaeon
936 3487 1124 3567 vocabatur,
1153 3483 1296 3549 sortasse
1324 3481 1409 3546 hanc

228 3625 304 3694 palia
324 3667 329 3679 .
350 3668 355 3680 .
375 3627 496 3695 apualar
512 3642 538 3679 a.
557 3625 582 3679 d.
608 3623 671 3679 VII.
684 3624 749 3677 Kal.
768 3623 838 3677 Mai.
858 3667 864 3677 .
883 3667 889 3678 .
908 3620 978 3689 qaod
997 3665 1003 3676 .
1022 3665 1028 3676 .
1046 3620 1077 3674 la
1089 3619 1140 3675 IV.
1159 3618 1224 3672 Kal.
1242 3615 1312 3670 Μαί.
1332 3616 1409 3670 cca-ia

229 3711 336 3780 occidet,
361 3711 440 3764 amico
464 3713 490 3764 el
508 3727 560 3779 per
577 3725 605 3762 sc
628 3709 768 3763 eelccmeaa
791 3711 818 3762 el
844 3707 889 3761 cal
908 3705 1096 3775 praeoccidere
1122 3703 1278 3758 caalcoelaru
1306 3717 1409 3756 necate

228 3795 281 3851 eil:
306 3796 336 3850 in
360 3797 457 3864 quibus
481 3797 565 3851 verba
588 3794 773 3864 praeoccidere
803 3793 957 3848 caniculam
986 3798 1016 3846 et
1041 3791 1153 3846 dubium
1179 3804 1287 3843 sensum
1311 3791 1340 3842 et
1369 3802 1409 3841 er·

231 3898 317 3936 rorem
329 3883 440 3937 babent.
469 3883 538 3936 Nam
551 3887 601 3935 aut
612 3881 767 3934 referuntur
779 3879 814 3934 ad
826 3879 948 3933 catulum
960 3877 1140 3932 sacmfieatum
1152 3874 1225 3927 -id
1238 3873 1309 3940 quod
1321 3873 1410 3926 voluit

230 3968 260 4022 L.
279 3967 397 4022 Ideler
415 3969 433 4021 l.
449 3984 468 4021 s.
483 3985 545 4037 pag.
558 3967 617 4034 254,
633 3967 679 4020 aed
692 3971 802 4034 propter
814 3981 905 4018 vocem
923 3961 1134 4032 praeoccidere
1152 3960 1242 4013 minus
1260 3959 1349 4027 placet
1361 3979 1408 4010 -:

230 4063 289 4108 tum
307 4070 360 4108 non
379 4054 412 4108 de
430 4053 505 4120 Sirio,
524 4054 570 4108 sed
588 4054 621 4106 de
639 4052 745 4120 Robigo
763 4050 905 4105 dicendum
924 4055 998 4117 erat3
1016 4053 1066 4102 aut
1082 4046 1239 4100 referuntur
1253 4045 1288 4099 ad
1301 4044 1408 4098 stellam

229 4139 388 4205 caniculam,
413 4155 493 4206 quam
511 4139 661 4205 stellarum,
688 4137 785 4204 quibus
804 4136 894 4203 imago
912 4134 1010 4188 canina
1026 4131 1195 4201 componitur
1212 4129 1331 4184 omnium
1349 4130 1405 4182 fere

230 4223 345 4291 primam
364 4224 482 4278 occidere
500 4223 580 4277 facile
598 4223 691 4278 videre
708 4226 793 4290 potes.
