<?xml version="1.0" encoding="UTF-8"?>
<!DOCTYPE html PUBLIC "-//W3C//DTD XHTML 1.0 Transitional//EN"
    "http://www.w3.org/TR/xhtml1/DTD/xhtml1-transitional.dtd">
<html xmlns="http://www.w3.org/1999/xhtml" xml:lang="en" lang="en">
 <head>
  <title>
</title>
<meta http-equiv="Content-Type" content="text/html;charset=utf-8" />
  <meta name='ocr-system' content='tesseract 3.04.00' />
  <meta name='ocr-capabilities' content='ocr_page ocr_carea ocr_par ocr_line ocrx_word'/>
</head>
<body>
  <div class='ocr_page' id='page_1' title='image "./destellarumappe00gundgoog_0122.png"; bbox 0 0 3278 4964; ppageno 0'>
   <div class='ocr_carea' id='block_1_1' title="bbox 230 358 1411 446">
    <p class='ocr_par' dir='ltr' id='par_1_1' title="bbox 230 358 1411 446">
     <span class='ocr_line' id='line_1_1' title="bbox 230 358 1411 446; baseline 0.003 -33"><span class='ocrx_word' id='word_1_1' title='bbox 230 358 310 446; x_wconf 83' lang='lat'>113]</span> <span class='ocrx_word' id='word_1_2' title='bbox 457 361 498 414; x_wconf 92' lang='lat' dir='ltr'>De</span> <span class='ocrx_word' id='word_1_3' title='bbox 517 360 658 416; x_wconf 90' lang='lat' dir='ltr'>stellarum</span> <span class='ocrx_word' id='word_1_4' title='bbox 677 359 858 428; x_wconf 80' lang='lat' dir='ltr'>appellatione</span> <span class='ocrx_word' id='word_1_5' title='bbox 875 365 904 415; x_wconf 88' lang='lat' dir='ltr'>et</span> <span class='ocrx_word' id='word_1_6' title='bbox 921 359 1053 429; x_wconf 83' lang='lat' dir='ltr'>religione</span> <span class='ocrx_word' id='word_1_7' title='bbox 1074 361 1194 416; x_wconf 89' lang='lat' dir='ltr'>Romana</span> <span class='ocrx_word' id='word_1_8' title='bbox 1348 363 1411 429; x_wconf 82' lang='lat'>205</span> 
     </span>
    </p>
   </div>
   <div class='ocr_carea' id='block_1_2' title="bbox 230 529 1463 714">
    <p class='ocr_par' dir='ltr' id='par_1_2' title="bbox 230 529 1463 714">
     <span class='ocr_line' id='line_1_2' title="bbox 321 529 1463 630; baseline 0.004 -36"><span class='ocrx_word' id='word_1_9' title='bbox 321 529 526 614; x_wconf 81' lang='lat' dir='ltr'>Quinetiam</span> <span class='ocrx_word' id='word_1_10' title='bbox 548 530 582 594; x_wconf 93' lang='lat' dir='ltr'>in</span> <span class='ocrx_word' id='word_1_11' title='bbox 599 530 816 595; x_wconf 88' lang='lat' dir='ltr'>Romanorum</span> <span class='ocrx_word' id='word_1_12' title='bbox 837 531 956 614; x_wconf 85' lang='lat' dir='ltr'>vulgus</span> <span class='ocrx_word' id='word_1_13' title='bbox 971 531 1006 596; x_wconf 93' lang='lat' dir='ltr'>id</span> <span class='ocrx_word' id='word_1_14' title='bbox 1028 532 1225 615; x_wconf 82' lang='lat' dir='ltr'>percrebuit,</span> <span class='ocrx_word' id='word_1_15' title='bbox 1248 535 1334 614; x_wconf 90' lang='lat' dir='ltr'>quod</span> <span class='ocrx_word' id='word_1_16' title='bbox 1355 535 1410 599; x_wconf 95' lang='lat' dir='ltr'>ho·</span> <span class='ocrx_word' id='word_1_17' title='bbox 1460 623 1463 630; x_wconf 18' lang='grc' dir='ltr'><em>ι</em></span> 
     </span>
     <span class='ocr_line' id='line_1_3' title="bbox 230 631 1410 714; baseline 0.003 -16"><span class='ocrx_word' id='word_1_18' title='bbox 230 631 358 698; x_wconf 89' lang='lat' dir='ltr'>minum</span> <span class='ocrx_word' id='word_1_19' title='bbox 395 631 587 714; x_wconf 81' lang='lat' dir='ltr'>cognomina</span> <span class='ocrx_word' id='word_1_20' title='bbox 624 633 765 698; x_wconf 81' lang='lat' dir='ltr'>Stella</span> <span class='ocrx_word' id='word_1_21' title='bbox 794 635 848 699; x_wconf 90' lang='lat' dir='ltr'>vel</span> <span class='ocrx_word' id='word_1_22' title='bbox 876 635 1006 699; x_wconf 87' lang='lat' dir='ltr'>Aster</span> <span class='ocrx_word' id='word_1_23' title='bbox 1036 634 1211 702; x_wconf 86' lang='lat' dir='ltr'>adamavit.</span> <span class='ocrx_word' id='word_1_24' title='bbox 1263 635 1410 702; x_wconf 88' lang='lat' dir='ltr'>Reiciam</span> 
     </span>
    </p>
   </div>
   <div class='ocr_carea' id='block_1_3' title="bbox 228 735 1411 923">
    <p class='ocr_par' dir='ltr' id='par_1_3' title="bbox 228 735 1411 923">
     <span class='ocr_line' id='line_1_4' title="bbox 230 735 1411 818; baseline 0.004 -18"><span class='ocrx_word' id='word_1_25' title='bbox 230 735 389 801; x_wconf 90' lang='lat' dir='ltr'>lectorem</span> <span class='ocrx_word' id='word_1_26' title='bbox 416 735 518 801; x_wconf 90' lang='lat' dir='ltr'>solum</span> <span class='ocrx_word' id='word_1_27' title='bbox 548 736 591 799; x_wconf 88' lang='lat' dir='ltr'>ad</span> <span class='ocrx_word' id='word_1_28' title='bbox 614 735 808 800; x_wconf 80' lang='lat' dir='ltr'>Arruntium</span> <span class='ocrx_word' id='word_1_29' title='bbox 830 735 966 801; x_wconf 82' lang='lat' dir='ltr'>Stellam</span> <span class='ocrx_word' id='word_1_30' title='bbox 996 736 1097 802; x_wconf 86' lang='lat' dir='ltr'>Statii</span> <span class='ocrx_word' id='word_1_31' title='bbox 1127 742 1245 818; x_wconf 90' lang='lat' dir='ltr'>poetae</span> <span class='ocrx_word' id='word_1_32' title='bbox 1272 740 1411 805; x_wconf 91' lang='lat' dir='ltr'>amicum</span> 
     </span>
     <span class='ocr_line' id='line_1_5' title="bbox 228 836 1310 923; baseline 0 -19"><span class='ocrx_word' id='word_1_33' title='bbox 228 842 268 904; x_wconf 84' lang='lat' dir='ltr'>et</span> <span class='ocrx_word' id='word_1_34' title='bbox 290 839 334 903; x_wconf 91' lang='lat' dir='ltr'>ad</span> <span class='ocrx_word' id='word_1_35' title='bbox 357 837 428 904; x_wconf 84' lang='lat' dir='ltr'>CIL</span> <span class='ocrx_word' id='word_1_36' title='bbox 450 838 504 903; x_wconf 94' lang='grc' dir='ltr'>ΠΙ</span> <span class='ocrx_word' id='word_1_37' title='bbox 524 838 617 919; x_wconf 88' lang='grc'>4908,</span> <span class='ocrx_word' id='word_1_38' title='bbox 641 837 748 918; x_wconf 54' lang='grc'><strong>58351,</strong></span> <span class='ocrx_word' id='word_1_39' title='bbox 771 838 801 903; x_wconf 87' lang='lat' dir='ltr'><strong>V</strong></span> <span class='ocrx_word' id='word_1_40' title='bbox 824 837 924 923; x_wconf 83' lang='lat'>950.¹)</span> <span class='ocrx_word' id='word_1_41' title='bbox 1015 836 1017 840; x_wconf 64' lang='grc'><strong>“</strong></span> <span class='ocrx_word' id='word_1_42' title='bbox 1308 839 1310 842; x_wconf 78' lang='grc'>’</span> 
     </span>
    </p>
   </div>
   <div class='ocr_carea' id='block_1_4' title="bbox 228 939 1535 1126">
    <p class='ocr_par' dir='ltr' id='par_1_4' title="bbox 228 939 1535 1126">
     <span class='ocr_line' id='line_1_6' title="bbox 318 939 1526 1022; baseline 0.003 -17"><span class='ocrx_word' id='word_1_43' title='bbox 318 939 441 1006; x_wconf 80' lang='lat' dir='ltr'>Stellas</span> <span class='ocrx_word' id='word_1_44' title='bbox 464 940 649 1005; x_wconf 91' lang='lat' dir='ltr'>hominibus</span> <span class='ocrx_word' id='word_1_45' title='bbox 676 942 756 1005; x_wconf 93' lang='lat' dir='ltr'>adeo</span> <span class='ocrx_word' id='word_1_46' title='bbox 786 940 910 1006; x_wconf 85' lang='lat' dir='ltr'>similes</span> <span class='ocrx_word' id='word_1_47' title='bbox 941 960 1074 1022; x_wconf 91' lang='lat' dir='ltr'>corpore</span> <span class='ocrx_word' id='word_1_48' title='bbox 1104 943 1243 1008; x_wconf 89' lang='lat' dir='ltr'>humano</span> <span class='ocrx_word' id='word_1_49' title='bbox 1274 942 1308 1008; x_wconf 89' lang='lat' dir='ltr'>iu</span> <span class='ocrx_word' id='word_1_50' title='bbox 1338 942 1410 1009; x_wconf 86' lang='lat' dir='ltr'>vul·</span> <span class='ocrx_word' id='word_1_51' title='bbox 1524 967 1526 971; x_wconf 52' lang='lat'><strong><em>¹</em></strong></span> 
     </span>
     <span class='ocr_line' id='line_1_7' title="bbox 228 1042 1535 1126; baseline 0.004 -18"><span class='ocrx_word' id='word_1_52' title='bbox 228 1042 369 1126; x_wconf 78' lang='lat' dir='ltr'>garibus</span> <span class='ocrx_word' id='word_1_53' title='bbox 392 1042 635 1123; x_wconf 88' lang='lat' dir='ltr'>opinationibus</span> <span class='ocrx_word' id='word_1_54' title='bbox 659 1061 735 1108; x_wconf 86' lang='lat' dir='ltr'>usas</span> <span class='ocrx_word' id='word_1_55' title='bbox 756 1062 828 1109; x_wconf 88' lang='lat' dir='ltr'>esse</span> <span class='ocrx_word' id='word_1_56' title='bbox 848 1063 907 1126; x_wconf 94' lang='lat' dir='ltr'>per</span> <span class='ocrx_word' id='word_1_57' title='bbox 932 1062 968 1110; x_wconf 91' lang='lat' dir='ltr'>se</span> <span class='ocrx_word' id='word_1_58' title='bbox 990 1045 1147 1111; x_wconf 81' lang='lat' dir='ltr'>credibile</span> <span class='ocrx_word' id='word_1_59' title='bbox 1170 1050 1229 1111; x_wconf 87' lang='lat' dir='ltr'>est.</span> <span class='ocrx_word' id='word_1_60' title='bbox 1273 1045 1338 1112; x_wconf 88' lang='lat' dir='ltr'>Sed</span> <span class='ocrx_word' id='word_1_61' title='bbox 1359 1065 1411 1112; x_wconf 92' lang='lat' dir='ltr'>re·</span> <span class='ocrx_word' id='word_1_62' title='bbox 1522 1104 1535 1113; x_wconf 76' lang='grc'><strong><em>.</em></strong></span> 
     </span>
    </p>
   </div>
   <div class='ocr_carea' id='block_1_5' title="bbox 221 1145 1413 3162">
    <p class='ocr_par' dir='ltr' id='par_1_5' title="bbox 221 1145 1413 3162">
     <span class='ocr_line' id='line_1_8' title="bbox 230 1145 1411 1231; baseline 0.003 -20"><span class='ocrx_word' id='word_1_63' title='bbox 230 1164 313 1212; x_wconf 85' lang='lat' dir='ltr'>vera</span> <span class='ocrx_word' id='word_1_64' title='bbox 327 1146 427 1211; x_wconf 91' lang='lat' dir='ltr'>talem</span> <span class='ocrx_word' id='word_1_65' title='bbox 443 1145 640 1211; x_wconf 90' lang='lat' dir='ltr'>sententiam</span> <span class='ocrx_word' id='word_1_66' title='bbox 656 1145 809 1211; x_wconf 84' lang='lat' dir='ltr'>extitisse</span> <span class='ocrx_word' id='word_1_67' title='bbox 824 1147 1035 1213; x_wconf 89' lang='lat' dir='ltr'>confirmatur</span> <span class='ocrx_word' id='word_1_68' title='bbox 1050 1166 1107 1231; x_wconf 86' lang='lat' dir='ltr'>eo,·</span> <span class='ocrx_word' id='word_1_69' title='bbox 1119 1149 1204 1229; x_wconf 91' lang='lat' dir='ltr'>quod</span> <span class='ocrx_word' id='word_1_70' title='bbox 1219 1167 1240 1214; x_wconf 92' lang='lat' dir='ltr'>a</span> <span class='ocrx_word' id='word_1_71' title='bbox 1255 1147 1411 1214; x_wconf 81' lang='lat' dir='ltr'>Cicerone</span> 
     </span>
     <span class='ocr_line' id='line_1_9' title="bbox 229 1248 1412 1331; baseline 0.002 -19"><span class='ocrx_word' id='word_1_72' title='bbox 229 1248 445 1331; x_wconf 83' lang='lat' dir='ltr'>impugnatur</span> <span class='ocrx_word' id='word_1_73' title='bbox 477 1250 518 1314; x_wconf 88' lang='lat' dir='ltr'>de</span> <span class='ocrx_word' id='word_1_74' title='bbox 540 1253 608 1313; x_wconf 88' lang='lat' dir='ltr'>nat.</span> <span class='ocrx_word' id='word_1_75' title='bbox 638 1250 724 1314; x_wconf 87' lang='lat' dir='ltr'>deor.</span> <span class='ocrx_word' id='word_1_76' title='bbox 753 1249 869 1314; x_wconf 84' lang='lat'>1159:</span> <span class='ocrx_word' id='word_1_77' title='bbox 899 1269 962 1312; x_wconf 79' lang='lat' dir='ltr'>non</span> <span class='ocrx_word' id='word_1_78' title='bbox 993 1251 1075 1313; x_wconf 79' lang='lat' dir='ltr'>caim</span> <span class='ocrx_word' id='word_1_79' title='bbox 1098 1253 1183 1314; x_wconf 76' lang='lat' dir='ltr'>oecis</span> <span class='ocrx_word' id='word_1_80' title='bbox 1203 1257 1232 1314; x_wconf 86' lang='lat' dir='ltr'>ct</span> <span class='ocrx_word' id='word_1_81' title='bbox 1252 1253 1356 1314; x_wconf 76' lang='grc'><strong>000010</strong></span> <span class='ocrx_word' id='word_1_82' title='bbox 1384 1256 1412 1315; x_wconf 87' lang='lat' dir='ltr'>et</span> 
     </span>
     <span class='ocr_line' id='line_1_10' title="bbox 224 1351 1412 1438; baseline 0.003 -24"><span class='ocrx_word' id='word_1_83' title='bbox 224 1351 351 1438; x_wconf 12' lang='lat' dir='ltr'>&#39;ossibus</span> <span class='ocrx_word' id='word_1_84' title='bbox 372 1351 575 1432; x_wconf 78' lang='lat' dir='ltr'>continentur,</span> <span class='ocrx_word' id='word_1_85' title='bbox 597 1371 650 1415; x_wconf 86' lang='lat' dir='ltr'>uec</span> <span class='ocrx_word' id='word_1_86' title='bbox 670 1353 712 1415; x_wconf 81' lang='lat' dir='ltr'>a&#39;t&#39;s</span> <span class='ocrx_word' id='word_1_87' title='bbox 734 1354 810 1415; x_wconf 77' lang='lat' dir='ltr'>esct&#39;s</span> <span class='ocrx_word' id='word_1_88' title='bbox 831 1358 886 1415; x_wconf 81' lang='lat' dir='ltr'>aut</span> <span class='ocrx_word' id='word_1_89' title='bbox 904 1352 1083 1435; x_wconf 81' lang='lat' dir='ltr'>potionibus</span> <span class='ocrx_word' id='word_1_90' title='bbox 1104 1358 1277 1436; x_wconf 71' lang='grc' dir='ltr'><strong>0000οι0100,</strong></span> <span class='ocrx_word' id='word_1_91' title='bbox 1299 1360 1336 1416; x_wconf 82' lang='lat' dir='ltr'>ut</span> <span class='ocrx_word' id='word_1_92' title='bbox 1355 1360 1412 1418; x_wconf 79' lang='lat' dir='ltr'>out</span> 
     </span>
     <span class='ocr_line' id='line_1_11' title="bbox 229 1455 1410 1538; baseline 0.005 -26"><span class='ocrx_word' id='word_1_93' title='bbox 229 1455 326 1517; x_wconf 63' lang='lat' dir='ltr'>,nimis</span> <span class='ocrx_word' id='word_1_94' title='bbox 348 1455 434 1517; x_wconf 84' lang='lat' dir='ltr'>acris</span> <span class='ocrx_word' id='word_1_95' title='bbox 455 1460 511 1516; x_wconf 81' lang='lat' dir='ltr'>aut</span> <span class='ocrx_word' id='word_1_96' title='bbox 540 1455 636 1517; x_wconf 72' lang='lat' dir='ltr'>uitreis</span> <span class='ocrx_word' id='word_1_97' title='bbox 658 1461 809 1518; x_wconf 82' lang='lat' dir='ltr'>concretos</span> <span class='ocrx_word' id='word_1_98' title='bbox 839 1474 958 1518; x_wconf 82' lang='lat' dir='ltr'>umores</span> <span class='ocrx_word' id='word_1_99' title='bbox 988 1455 1153 1538; x_wconf 70' lang='lat' dir='ltr'>coelipeta,</span> <span class='ocrx_word' id='word_1_100' title='bbox 1183 1475 1236 1518; x_wconf 79' lang='lat' dir='ltr'>uec</span> <span class='ocrx_word' id='word_1_101' title='bbox 1263 1457 1303 1519; x_wconf 80' lang='lat' dir='ltr'>iis</span> <span class='ocrx_word' id='word_1_102' title='bbox 1325 1475 1410 1518; x_wconf 85' lang='lat' dir='ltr'>cor·</span> 
     </span>
     <span class='ocr_line' id='line_1_12' title="bbox 221 1556 1412 1641; baseline 0.004 -22"><span class='ocrx_word' id='word_1_103' title='bbox 221 1556 400 1641; x_wconf 72' lang='lat' dir='ltr'>poribus</span> <span class='ocrx_word' id='word_1_104' title='bbox 421 1561 504 1638; x_wconf 82' lang='lat' dir='ltr'>sant,</span> <span class='ocrx_word' id='word_1_105' title='bbox 528 1560 563 1619; x_wconf 80' lang='lat' dir='ltr'>ut</span> <span class='ocrx_word' id='word_1_106' title='bbox 577 1576 667 1620; x_wconf 84' lang='lat' dir='ltr'>casus</span> <span class='ocrx_word' id='word_1_107' title='bbox 682 1561 738 1620; x_wconf 81' lang='lat' dir='ltr'>cat</span> <span class='ocrx_word' id='word_1_108' title='bbox 759 1558 1051 1621; x_wconf 74' lang='lat' dir='ltr'>ictus&#39;catimcscont</span> <span class='ocrx_word' id='word_1_109' title='bbox 1068 1564 1124 1621; x_wconf 80' lang='lat' dir='ltr'>cut</span> <span class='ocrx_word' id='word_1_110' title='bbox 1141 1564 1251 1621; x_wconf 73' lang='lat' dir='ltr'>mortes</span> <span class='ocrx_word' id='word_1_111' title='bbox 1266 1563 1412 1624; x_wconf 74' lang='grc' dir='ltr'><strong>0001οι005.</strong></span> 
     </span>
     <span class='ocr_line' id='line_1_13' title="bbox 231 1658 1411 1744; baseline 0.002 -20"><span class='ocrx_word' id='word_1_112' title='bbox 231 1658 328 1725; x_wconf 87' lang='lat' dir='ltr'>Licet</span> <span class='ocrx_word' id='word_1_113' title='bbox 351 1661 392 1724; x_wconf 94' lang='lat' dir='ltr'>de</span> <span class='ocrx_word' id='word_1_114' title='bbox 421 1661 592 1725; x_wconf 90' lang='lat' dir='ltr'>stellarum</span> <span class='ocrx_word' id='word_1_115' title='bbox 621 1660 808 1740; x_wconf 91' lang='lat' dir='ltr'>corporibus</span> <span class='ocrx_word' id='word_1_116' title='bbox 818 1659 842 1744; x_wconf 76' lang='grc'>2)</span> <span class='ocrx_word' id='word_1_117' title='bbox 873 1659 1040 1742; x_wconf 89' lang='lat' dir='ltr'>humanis,</span> <span class='ocrx_word' id='word_1_118' title='bbox 1069 1664 1227 1740; x_wconf 87' lang='lat' dir='ltr'>quantum</span> <span class='ocrx_word' id='word_1_119' title='bbox 1262 1659 1411 1741; x_wconf 86' lang='lat' dir='ltr'>equidem</span> 
     </span>
     <span class='ocr_line' id='line_1_14' title="bbox 232 1758 1412 1846; baseline 0 -18"><span class='ocrx_word' id='word_1_120' title='bbox 232 1761 370 1844; x_wconf 85' lang='lat' dir='ltr'>videam,</span> <span class='ocrx_word' id='word_1_121' title='bbox 392 1763 534 1827; x_wconf 89' lang='lat' dir='ltr'>alterum</span> <span class='ocrx_word' id='word_1_122' title='bbox 557 1758 780 1827; x_wconf 89' lang='lat' dir='ltr'>testimonium</span> <span class='ocrx_word' id='word_1_123' title='bbox 809 1780 874 1827; x_wconf 93' lang='lat' dir='ltr'>non</span> <span class='ocrx_word' id='word_1_124' title='bbox 895 1763 1084 1846; x_wconf 87' lang='lat' dir='ltr'>habeamus,</span> <span class='ocrx_word' id='word_1_125' title='bbox 1113 1767 1223 1828; x_wconf 89' lang='lat' dir='ltr'>tamen</span> <span class='ocrx_word' id='word_1_126' title='bbox 1254 1764 1298 1828; x_wconf 91' lang='lat' dir='ltr'>ad</span> <span class='ocrx_word' id='word_1_127' title='bbox 1326 1763 1412 1828; x_wconf 90' lang='lat' dir='ltr'>hauc</span> 
     </span>
     <span class='ocr_line' id='line_1_15' title="bbox 228 1864 1411 1947; baseline 0.001 -17"><span class='ocrx_word' id='word_1_128' title='bbox 228 1865 429 1930; x_wconf 86' lang='lat' dir='ltr'>sententiam</span> <span class='ocrx_word' id='word_1_129' title='bbox 452 1866 619 1945; x_wconf 87' lang='lat' dir='ltr'>quadrant</span> <span class='ocrx_word' id='word_1_130' title='bbox 640 1864 711 1947; x_wconf 89' lang='lat' dir='ltr'>loci,</span> <span class='ocrx_word' id='word_1_131' title='bbox 740 1864 796 1945; x_wconf 87' lang='lat' dir='ltr'>qui</span> <span class='ocrx_word' id='word_1_132' title='bbox 826 1866 866 1930; x_wconf 90' lang='lat' dir='ltr'>de</span> <span class='ocrx_word' id='word_1_133' title='bbox 885 1866 1056 1930; x_wconf 88' lang='lat' dir='ltr'>stellarum</span> <span class='ocrx_word' id='word_1_134' title='bbox 1085 1864 1229 1945; x_wconf 90' lang='lat' dir='ltr'>capitum</span> <span class='ocrx_word' id='word_1_135' title='bbox 1259 1864 1411 1947; x_wconf 92' lang='lat' dir='ltr'>partibus</span> 
     </span>
     <span class='ocr_line' id='line_1_16' title="bbox 226 1967 1412 2049; baseline 0.001 -17"><span class='ocrx_word' id='word_1_136' title='bbox 226 1974 317 2049; x_wconf 17' lang='lat' dir='ltr'>Vsum,</span> <span class='ocrx_word' id='word_1_137' title='bbox 333 1969 372 2032; x_wconf 91' lang='lat' dir='ltr'>de</span> <span class='ocrx_word' id='word_1_138' title='bbox 389 1967 491 2033; x_wconf 92' lang='lat' dir='ltr'>oculis</span> <span class='ocrx_word' id='word_1_139' title='bbox 507 1973 607 2047; x_wconf 86' lang='lat' dir='ltr'>atque</span> <span class='ocrx_word' id='word_1_140' title='bbox 622 1967 777 2033; x_wconf 88' lang='lat' dir='ltr'>crinibus.</span> <span class='ocrx_word' id='word_1_141' title='bbox 822 1967 992 2048; x_wconf 83' lang='lat' dir='ltr'>Cogitasse</span> <span class='ocrx_word' id='word_1_142' title='bbox 1008 1968 1092 2032; x_wconf 90' lang='lat' dir='ltr'>enim</span> <span class='ocrx_word' id='word_1_143' title='bbox 1109 1967 1266 2035; x_wconf 87' lang='lat' dir='ltr'>videntur</span> <span class='ocrx_word' id='word_1_144' title='bbox 1281 1974 1412 2034; x_wconf 84' lang='lat' dir='ltr'>veteres</span> 
     </span>
     <span class='ocr_line' id='line_1_17' title="bbox 227 2069 1411 2155; baseline -0.002 -19"><span class='ocrx_word' id='word_1_145' title='bbox 227 2089 253 2136; x_wconf 86' lang='lat' dir='ltr'>a</span> <span class='ocrx_word' id='word_1_146' title='bbox 275 2069 470 2136; x_wconf 91' lang='lat' dir='ltr'>mortalibus</span> <span class='ocrx_word' id='word_1_147' title='bbox 494 2069 579 2135; x_wconf 91' lang='lat' dir='ltr'>solos</span> <span class='ocrx_word' id='word_1_148' title='bbox 608 2072 798 2135; x_wconf 91' lang='lat' dir='ltr'>daemonum</span> <span class='ocrx_word' id='word_1_149' title='bbox 822 2070 995 2136; x_wconf 89' lang='lat' dir='ltr'>astralium</span> <span class='ocrx_word' id='word_1_150' title='bbox 1026 2071 1135 2136; x_wconf 91' lang='lat' dir='ltr'>oculos</span> <span class='ocrx_word' id='word_1_151' title='bbox 1164 2069 1346 2155; x_wconf 74' lang='lat' dir='ltr'>nitentes⁸l</span> <span class='ocrx_word' id='word_1_152' title='bbox 1376 2069 1411 2134; x_wconf 92' lang='lat' dir='ltr'>in</span> 
     </span>
     <span class='ocr_line' id='line_1_18' title="bbox 226 2170 1412 2254; baseline 0.001 -18"><span class='ocrx_word' id='word_1_153' title='bbox 226 2171 338 2237; x_wconf 86' lang='lat' dir='ltr'>stellis</span> <span class='ocrx_word' id='word_1_154' title='bbox 354 2171 506 2254; x_wconf 84' lang='lat' dir='ltr'>conspici,</span> <span class='ocrx_word' id='word_1_155' title='bbox 527 2190 599 2237; x_wconf 94' lang='lat' dir='ltr'>cum</span> <span class='ocrx_word' id='word_1_156' title='bbox 622 2171 783 2252; x_wconf 91' lang='lat' dir='ltr'>reliquum</span> <span class='ocrx_word' id='word_1_157' title='bbox 806 2190 921 2253; x_wconf 86' lang='lat' dir='ltr'>corpus</span> <span class='ocrx_word' id='word_1_158' title='bbox 935 2172 1071 2253; x_wconf 87' lang='lat' dir='ltr'>lateret;</span> <span class='ocrx_word' id='word_1_159' title='bbox 1094 2191 1126 2238; x_wconf 88' lang='lat' dir='ltr'>v.</span> <span class='ocrx_word' id='word_1_160' title='bbox 1140 2171 1224 2237; x_wconf 90' lang='lat' dir='ltr'>Plin.</span> <span class='ocrx_word' id='word_1_161' title='bbox 1239 2172 1314 2238; x_wconf 90' lang='lat' dir='ltr'>Nat.</span> <span class='ocrx_word' id='word_1_162' title='bbox 1336 2170 1412 2237; x_wconf 87' lang='lat' dir='ltr'>hist.</span> 
     </span>
     <span class='ocr_line' id='line_1_19' title="bbox 227 2273 1413 2358; baseline -0.002 -20"><span class='ocrx_word' id='word_1_163' title='bbox 227 2273 339 2339; x_wconf 82' lang='lat'>1110:</span> <span class='ocrx_word' id='word_1_164' title='bbox 363 2294 418 2337; x_wconf 81' lang='lat' dir='ltr'>uec</span> <span class='ocrx_word' id='word_1_165' title='bbox 439 2273 475 2337; x_wconf 82' lang='lat' dir='ltr'>de</span> <span class='ocrx_word' id='word_1_166' title='bbox 498 2275 650 2337; x_wconf 76' lang='lat' dir='ltr'>elementis</span> <span class='ocrx_word' id='word_1_167' title='bbox 673 2275 755 2337; x_wconf 78' lang='lat' dir='ltr'>video</span> <span class='ocrx_word' id='word_1_168' title='bbox 778 2273 917 2337; x_wconf 79' lang='lat' dir='ltr'>debitori</span> <span class='ocrx_word' id='word_1_169' title='bbox 1009 2276 1131 2358; x_wconf 73' lang='grc'><strong>19001000</strong></span> <span class='ocrx_word' id='word_1_170' title='bbox 1152 2293 1316 2356; x_wconf 80' lang='lat' dir='ltr'>summum,</span> <span class='ocrx_word' id='word_1_171' title='bbox 1338 2274 1413 2337; x_wconf 81' lang='lat' dir='ltr'>inde</span> 
     </span>
     <span class='ocr_line' id='line_1_20' title="bbox 231 2375 1410 2459; baseline 0 -20"><span class='ocrx_word' id='word_1_172' title='bbox 231 2383 274 2440; x_wconf 86' lang='lat' dir='ltr'>tot</span> <span class='ocrx_word' id='word_1_173' title='bbox 287 2377 377 2440; x_wconf 85' lang='lat' dir='ltr'>stell</span> <span class='ocrx_word' id='word_1_174' title='bbox 384 2397 498 2440; x_wconf 84' lang='lat' dir='ltr'>orum</span> <span class='ocrx_word' id='word_1_175' title='bbox 519 2377 590 2440; x_wconf 81' lang='lat' dir='ltr'>illos</span> <span class='ocrx_word' id='word_1_176' title='bbox 605 2378 830 2440; x_wconf 81' lang='lat' dir='ltr'>conlucentium</span> <span class='ocrx_word' id='word_1_177' title='bbox 852 2376 987 2459; x_wconf 64' lang='grc'><strong>0001004)</strong></span> <span class='ocrx_word' id='word_1_178' title='bbox 1033 2376 1124 2459; x_wconf 80' lang='lat' dir='ltr'>Quae</span> <span class='ocrx_word' id='word_1_179' title='bbox 1140 2375 1332 2456; x_wconf 83' lang='lat' dir='ltr'>superstitio</span> <span class='ocrx_word' id='word_1_180' title='bbox 1352 2375 1410 2440; x_wconf 91' lang='lat' dir='ltr'>ubi</span> 
     </span>
     <span class='ocr_line' id='line_1_21' title="bbox 226 2478 1410 2561; baseline -0.003 -16"><span class='ocrx_word' id='word_1_181' title='bbox 226 2480 332 2545; x_wconf 86' lang='lat' dir='ltr'>semel</span> <span class='ocrx_word' id='word_1_182' title='bbox 364 2479 557 2545; x_wconf 90' lang='lat' dir='ltr'>confirmata</span> <span class='ocrx_word' id='word_1_183' title='bbox 588 2483 669 2561; x_wconf 86' lang='lat' dir='ltr'>erat,</span> <span class='ocrx_word' id='word_1_184' title='bbox 698 2478 797 2544; x_wconf 81' lang='lat' dir='ltr'>facile</span> <span class='ocrx_word' id='word_1_185' title='bbox 826 2480 925 2545; x_wconf 89' lang='lat' dir='ltr'>rudes</span> <span class='ocrx_word' id='word_1_186' title='bbox 948 2478 1073 2543; x_wconf 90' lang='lat' dir='ltr'>animos</span> <span class='ocrx_word' id='word_1_187' title='bbox 1101 2498 1138 2543; x_wconf 92' lang='lat' dir='ltr'>eo</span> <span class='ocrx_word' id='word_1_188' title='bbox 1162 2478 1347 2543; x_wconf 90' lang='lat' dir='ltr'>adducebat</span> <span class='ocrx_word' id='word_1_189' title='bbox 1373 2481 1410 2542; x_wconf 92' lang='lat' dir='ltr'>ut</span> 
     </span>
     <span class='ocr_line' id='line_1_22' title="bbox 228 2579 1410 2648; baseline -0.001 -2"><span class='ocrx_word' id='word_1_190' title='bbox 228 2584 404 2647; x_wconf 91' lang='lat' dir='ltr'>crederent</span> <span class='ocrx_word' id='word_1_191' title='bbox 434 2582 604 2648; x_wconf 90' lang='lat' dir='ltr'>observari</span> <span class='ocrx_word' id='word_1_192' title='bbox 633 2581 798 2646; x_wconf 92' lang='lat' dir='ltr'>hominum</span> <span class='ocrx_word' id='word_1_193' title='bbox 821 2580 911 2646; x_wconf 85' lang='lat' dir='ltr'>facta</span> <span class='ocrx_word' id='word_1_194' title='bbox 934 2583 974 2646; x_wconf 91' lang='lat' dir='ltr'>de</span> <span class='ocrx_word' id='word_1_195' title='bbox 996 2581 1086 2645; x_wconf 92' lang='lat' dir='ltr'>caelo</span> <span class='ocrx_word' id='word_1_196' title='bbox 1109 2579 1320 2646; x_wconf 89' lang='lat' dir='ltr'>asideribns.</span> <span class='ocrx_word' id='word_1_197' title='bbox 1363 2579 1410 2645; x_wconf 85' lang='lat' dir='ltr'>Et</span> 
     </span>
     <span class='ocr_line' id='line_1_23' title="bbox 226 2682 1408 2765; baseline -0.002 -16"><span class='ocrx_word' id='word_1_198' title='bbox 226 2685 301 2750; x_wconf 86' lang='lat' dir='ltr'>eius</span> <span class='ocrx_word' id='word_1_199' title='bbox 324 2685 455 2765; x_wconf 88' lang='lat' dir='ltr'>quidem</span> <span class='ocrx_word' id='word_1_200' title='bbox 485 2684 649 2765; x_wconf 89' lang='lat' dir='ltr'>opinionis</span> <span class='ocrx_word' id='word_1_201' title='bbox 679 2683 822 2765; x_wconf 86' lang='lat' dir='ltr'>vestigia</span> <span class='ocrx_word' id='word_1_202' title='bbox 851 2684 940 2765; x_wconf 91' lang='lat' dir='ltr'>apud</span> <span class='ocrx_word' id='word_1_203' title='bbox 972 2688 1086 2764; x_wconf 89' lang='lat' dir='ltr'>poetas</span> <span class='ocrx_word' id='word_1_204' title='bbox 1116 2683 1277 2748; x_wconf 90' lang='lat' dir='ltr'>Romanos</span> <span class='ocrx_word' id='word_1_205' title='bbox 1307 2682 1408 2748; x_wconf 81' lang='lat' dir='ltr'>Grae·</span> 
     </span>
     <span class='ocr_line' id='line_1_24' title="bbox 226 2786 1408 2867; baseline -0.003 -13"><span class='ocrx_word' id='word_1_206' title='bbox 226 2806 341 2854; x_wconf 90' lang='lat' dir='ltr'>corum</span> <span class='ocrx_word' id='word_1_207' title='bbox 369 2789 513 2853; x_wconf 90' lang='lat' dir='ltr'>asseclas</span> <span class='ocrx_word' id='word_1_208' title='bbox 542 2788 708 2853; x_wconf 88' lang='lat' dir='ltr'>habemus.</span> <span class='ocrx_word' id='word_1_209' title='bbox 758 2786 870 2851; x_wconf 89' lang='lat' dir='ltr'>Plauti</span> <span class='ocrx_word' id='word_1_210' title='bbox 899 2805 1016 2852; x_wconf 88' lang='lat' dir='ltr'>versus</span> <span class='ocrx_word' id='word_1_211' title='bbox 1039 2804 1140 2867; x_wconf 90' lang='lat' dir='ltr'>supra</span> <span class='ocrx_word' id='word_1_212' title='bbox 1169 2805 1244 2867; x_wconf 84' lang='lat' dir='ltr'>pag.</span> <span class='ocrx_word' id='word_1_213' title='bbox 1268 2787 1329 2851; x_wconf 91' lang='lat'>111</span> <span class='ocrx_word' id='word_1_214' title='bbox 1360 2790 1408 2851; x_wconf 95' lang='lat' dir='ltr'>te·</span> 
     </span>
     <span class='ocr_line' id='line_1_25' title="bbox 224 2890 866 2972; baseline -0.003 -16"><span class='ocrx_word' id='word_1_215' title='bbox 224 2890 382 2972; x_wconf 60' lang='lat' dir='ltr'>‘tigimus3</span> <span class='ocrx_word' id='word_1_216' title='bbox 406 2891 554 2956; x_wconf 81' lang='lat' dir='ltr'>Catullus</span> <span class='ocrx_word' id='word_1_217' title='bbox 577 2890 667 2956; x_wconf 88' lang='lat' dir='ltr'>canit</span> <span class='ocrx_word' id='word_1_218' title='bbox 688 2890 754 2956; x_wconf 85' lang='lat' dir='ltr'>VII</span> <span class='ocrx_word' id='word_1_219' title='bbox 777 2892 866 2971; x_wconf 69' lang='lat' dir='ltr'>iso:</span> 
     </span>
     <span class='ocr_line' id='line_1_26' title="bbox 436 2991 1174 3074; baseline 0 -16"><span class='ocrx_word' id='word_1_220' title='bbox 436 2998 496 3058; x_wconf 88' lang='lat' dir='ltr'>aut</span> <span class='ocrx_word' id='word_1_221' title='bbox 516 3012 612 3074; x_wconf 91' lang='lat' dir='ltr'>quam</span> <span class='ocrx_word' id='word_1_222' title='bbox 635 2991 746 3058; x_wconf 90' lang='lat' dir='ltr'>sidera</span> <span class='ocrx_word' id='word_1_223' title='bbox 768 2993 881 3074; x_wconf 87' lang='lat' dir='ltr'>multa,</span> <span class='ocrx_word' id='word_1_224' title='bbox 904 3010 976 3058; x_wconf 93' lang='lat' dir='ltr'>cum</span> <span class='ocrx_word' id='word_1_225' title='bbox 998 2995 1089 3057; x_wconf 88' lang='lat' dir='ltr'>tacet</span> <span class='ocrx_word' id='word_1_226' title='bbox 1110 3010 1174 3058; x_wconf 86' lang='lat' dir='ltr'>nox</span> 
     </span>
     <span class='ocr_line' id='line_1_27' title="bbox 434 3094 1052 3162; baseline -0.003 -1"><span class='ocrx_word' id='word_1_227' title='bbox 434 3094 576 3161; x_wconf 83' lang='lat' dir='ltr'>furtivos</span> <span class='ocrx_word' id='word_1_228' title='bbox 598 3095 761 3160; x_wconf 90' lang='lat' dir='ltr'>homiuum</span> <span class='ocrx_word' id='word_1_229' title='bbox 782 3095 899 3162; x_wconf 87' lang='lat' dir='ltr'>vident</span> <span class='ocrx_word' id='word_1_230' title='bbox 920 3113 1052 3160; x_wconf 85' lang='lat' dir='ltr'>amores.</span> 
     </span>
    </p>
   </div>
   <div class='ocr_carea' id='block_1_6' title="bbox 316 3214 1266 3398">
    <p class='ocr_par' dir='ltr' id='par_1_6' title="bbox 316 3214 1266 3398">
     <span class='ocr_line' id='line_1_28' title="bbox 316 3214 899 3281; baseline -0.003 -1"><span class='ocrx_word' id='word_1_231' title='bbox 316 3215 477 3281; x_wconf 88' lang='lat' dir='ltr'>Similiter</span> <span class='ocrx_word' id='word_1_232' title='bbox 499 3215 655 3281; x_wconf 90' lang='lat' dir='ltr'>Manilius</span> <span class='ocrx_word' id='word_1_233' title='bbox 678 3214 760 3280; x_wconf 86' lang='lat' dir='ltr'>dicit</span> <span class='ocrx_word' id='word_1_234' title='bbox 781 3214 798 3279; x_wconf 96' lang='grc' dir='ltr'><strong>Ι</strong></span> <span class='ocrx_word' id='word_1_235' title='bbox 821 3215 899 3279; x_wconf 81' lang='lat'>276:</span> 
     </span>
     <span class='ocr_line' id='line_1_29' title="bbox 434 3313 1266 3398; baseline -0.005 -16"><span class='ocrx_word' id='word_1_236' title='bbox 434 3317 542 3382; x_wconf 90' lang='lat' dir='ltr'>omnia</span> <span class='ocrx_word' id='word_1_237' title='bbox 564 3336 649 3398; x_wconf 87' lang='lat' dir='ltr'>quae</span> <span class='ocrx_word' id='word_1_238' title='bbox 671 3334 793 3382; x_wconf 91' lang='lat' dir='ltr'>summo</span> <span class='ocrx_word' id='word_1_239' title='bbox 817 3318 1012 3396; x_wconf 87' lang='lat' dir='ltr'>despectant</span> <span class='ocrx_word' id='word_1_240' title='bbox 1033 3313 1143 3379; x_wconf 91' lang='lat' dir='ltr'>sidera</span> <span class='ocrx_word' id='word_1_241' title='bbox 1165 3313 1266 3378; x_wconf 89' lang='lat' dir='ltr'>caelo.</span> 
     </span>
    </p>
   </div>
   <div class='ocr_carea' id='block_1_7' title="bbox 222 3480 1408 4326">
    <p class='ocr_par' dir='ltr' id='par_1_7' title="bbox 224 3480 1407 3628">
     <span class='ocr_line' id='line_1_30' title="bbox 319 3480 1407 3554; baseline -0.006 -13"><span class='ocrx_word' id='word_1_242' title='bbox 319 3487 338 3554; x_wconf 71' lang='grc' dir='ltr'>ι)</span> <span class='ocrx_word' id='word_1_243' title='bbox 356 3486 419 3540; x_wconf 88' lang='lat' dir='ltr'>Alia</span> <span class='ocrx_word' id='word_1_244' title='bbox 449 3485 605 3541; x_wconf 85' lang='lat' dir='ltr'>testimonia</span> <span class='ocrx_word' id='word_1_245' title='bbox 630 3486 762 3554; x_wconf 85' lang='lat' dir='ltr'>leguntur</span> <span class='ocrx_word' id='word_1_246' title='bbox 793 3485 906 3538; x_wconf 87' lang='lat' dir='ltr'>collecta</span> <span class='ocrx_word' id='word_1_247' title='bbox 937 3483 967 3538; x_wconf 89' lang='lat' dir='ltr'>iu</span> <span class='ocrx_word' id='word_1_248' title='bbox 993 3483 1132 3537; x_wconf 86' lang='lat' dir='ltr'>Thesauro</span> <span class='ocrx_word' id='word_1_249' title='bbox 1164 3480 1275 3550; x_wconf 82' lang='lat' dir='ltr'>linguae</span> <span class='ocrx_word' id='word_1_250' title='bbox 1304 3481 1407 3536; x_wconf 89' lang='lat' dir='ltr'>latinae</span> 
     </span>
     <span class='ocr_line' id='line_1_31' title="bbox 224 3573 404 3628; baseline 0 -3"><span class='ocrx_word' id='word_1_251' title='bbox 224 3586 252 3627; x_wconf 77' lang='lat' dir='ltr'>a.</span> <span class='ocrx_word' id='word_1_252' title='bbox 270 3588 296 3628; x_wconf 87' lang='lat' dir='ltr'>v.</span> <span class='ocrx_word' id='word_1_253' title='bbox 314 3573 404 3626; x_wconf 80' lang='lat' dir='ltr'>Actor.</span> 
     </span>
    </p>

    <p class='ocr_par' dir='ltr' id='par_1_8' title="bbox 317 3650 1407 3725">
     <span class='ocr_line' id='line_1_32' title="bbox 317 3650 1407 3725; baseline -0.006 -14"><span class='ocrx_word' id='word_1_254' title='bbox 317 3658 338 3725; x_wconf 78' lang='lat'>²)</span> <span class='ocrx_word' id='word_1_255' title='bbox 356 3658 397 3711; x_wconf 90' lang='lat' dir='ltr'>De</span> <span class='ocrx_word' id='word_1_256' title='bbox 409 3657 528 3711; x_wconf 81' lang='lat' dir='ltr'>Luciferi</span> <span class='ocrx_word' id='word_1_257' title='bbox 546 3656 664 3725; x_wconf 87' lang='lat' dir='ltr'>corporis</span> <span class='ocrx_word' id='word_1_258' title='bbox 682 3656 843 3723; x_wconf 84' lang='lat' dir='ltr'>quibusdam</span> <span class='ocrx_word' id='word_1_259' title='bbox 855 3654 987 3723; x_wconf 84' lang='lat' dir='ltr'>partibus,</span> <span class='ocrx_word' id='word_1_260' title='bbox 1000 3669 1052 3722; x_wconf 87' lang='lat' dir='ltr'>ore,</span> <span class='ocrx_word' id='word_1_261' title='bbox 1070 3652 1183 3720; x_wconf 85' lang='lat' dir='ltr'>pedibus</span> <span class='ocrx_word' id='word_1_262' title='bbox 1196 3667 1222 3706; x_wconf 85' lang='lat' dir='ltr'>v.</span> <span class='ocrx_word' id='word_1_263' title='bbox 1232 3666 1315 3719; x_wconf 87' lang='lat' dir='ltr'>supra</span> <span class='ocrx_word' id='word_1_264' title='bbox 1327 3667 1352 3718; x_wconf 87' lang='lat' dir='ltr'>p.</span> <span class='ocrx_word' id='word_1_265' title='bbox 1365 3650 1407 3704; x_wconf 83' lang='lat'>29.</span> 
     </span>
    </p>

    <p class='ocr_par' dir='ltr' id='par_1_9' title="bbox 318 3734 1407 3811">
     <span class='ocr_line' id='line_1_33' title="bbox 318 3734 1407 3811; baseline -0.007 -13"><span class='ocrx_word' id='word_1_266' title='bbox 318 3743 338 3808; x_wconf 81' lang='lat'>³)</span> <span class='ocrx_word' id='word_1_267' title='bbox 356 3743 464 3797; x_wconf 83' lang='lat' dir='ltr'>Patron.</span> <span class='ocrx_word' id='word_1_268' title='bbox 478 3743 541 3795; x_wconf 82' lang='lat'>126:</span> <span class='ocrx_word' id='word_1_269' title='bbox 561 3741 700 3811; x_wconf 74' lang='lat' dir='ltr'>(feminae)</span> <span class='ocrx_word' id='word_1_270' title='bbox 714 3740 785 3795; x_wconf 81' lang='lat' dir='ltr'>oculi</span> <span class='ocrx_word' id='word_1_271' title='bbox 799 3740 929 3794; x_wconf 79' lang='lat' dir='ltr'>clariores</span> <span class='ocrx_word' id='word_1_272' title='bbox 940 3734 1407 3805; x_wconf 72' lang='grc' dir='ltr'><strong>001οῑ1100οσ100100000οῙ0190011500.</strong></span> 
     </span>
    </p>

    <p class='ocr_par' dir='ltr' id='par_1_10' title="bbox 222 3821 1408 4326">
     <span class='ocr_line' id='line_1_34' title="bbox 315 3821 1408 3897; baseline -0.009 -14"><span class='ocrx_word' id='word_1_273' title='bbox 315 3829 336 3896; x_wconf 69' lang='grc'>4)</span> <span class='ocrx_word' id='word_1_274' title='bbox 356 3829 446 3897; x_wconf 84' lang='lat' dir='ltr'>Caput</span> <span class='ocrx_word' id='word_1_275' title='bbox 463 3828 581 3882; x_wconf 89' lang='lat' dir='ltr'>siderum</span> <span class='ocrx_word' id='word_1_276' title='bbox 600 3827 688 3882; x_wconf 86' lang='lat' dir='ltr'>rarius</span> <span class='ocrx_word' id='word_1_277' title='bbox 705 3831 878 3896; x_wconf 85' lang='lat' dir='ltr'>memoratur,</span> <span class='ocrx_word' id='word_1_278' title='bbox 896 3825 1034 3880; x_wconf 88' lang='lat' dir='ltr'>interdum</span> <span class='ocrx_word' id='word_1_279' title='bbox 1046 3832 1138 3879; x_wconf 88' lang='lat' dir='ltr'>tamen</span> <span class='ocrx_word' id='word_1_280' title='bbox 1155 3821 1262 3877; x_wconf 85' lang='lat' dir='ltr'>luciferi</span> <span class='ocrx_word' id='word_1_281' title='bbox 1280 3821 1316 3888; x_wconf 84' lang='lat' dir='ltr'>(v.</span> <span class='ocrx_word' id='word_1_282' title='bbox 1330 3821 1408 3874; x_wconf 93' lang='lat' dir='ltr'>modo</span> 
     </span>
     <span class='ocr_line' id='line_1_35' title="bbox 222 3900 1407 3983; baseline -0.008 -15"><span class='ocrx_word' id='word_1_283' title='bbox 222 3913 291 3969; x_wconf 85' lang='lat' dir='ltr'>adn.</span> <span class='ocrx_word' id='word_1_284' title='bbox 310 3915 336 3982; x_wconf 82' lang='grc'>2)</span> <span class='ocrx_word' id='word_1_285' title='bbox 356 3919 384 3968; x_wconf 91' lang='lat' dir='ltr'>et</span> <span class='ocrx_word' id='word_1_286' title='bbox 402 3915 582 3983; x_wconf 83' lang='lat' dir='ltr'>planetarum,</span> <span class='ocrx_word' id='word_1_287' title='bbox 601 3929 667 3980; x_wconf 87' lang='lat' dir='ltr'>quos</span> <span class='ocrx_word' id='word_1_288' title='bbox 679 3928 760 3981; x_wconf 88' lang='lat' dir='ltr'>saepe</span> <span class='ocrx_word' id='word_1_289' title='bbox 778 3919 918 3979; x_wconf 89' lang='lat' dir='ltr'>tamquam</span> <span class='ocrx_word' id='word_1_290' title='bbox 936 3910 1027 3978; x_wconf 88' lang='lat' dir='ltr'>capita</span> <span class='ocrx_word' id='word_1_291' title='bbox 1039 3900 1152 3979; x_wconf 83' lang='lat' dir='ltr'>depingi</span> <span class='ocrx_word' id='word_1_292' title='bbox 1169 3907 1236 3961; x_wconf 85' lang='lat' dir='ltr'>satis</span> <span class='ocrx_word' id='word_1_293' title='bbox 1254 3911 1348 3960; x_wconf 90' lang='lat' dir='ltr'>notum</span> <span class='ocrx_word' id='word_1_294' title='bbox 1366 3910 1407 3959; x_wconf 83' lang='lat' dir='ltr'>est</span> 
     </span>
     <span class='ocr_line' id='line_1_36' title="bbox 230 3990 1408 4068; baseline -0.009 -14"><span class='ocrx_word' id='word_1_295' title='bbox 230 4000 267 4067; x_wconf 81' lang='lat' dir='ltr'>(v.</span> <span class='ocrx_word' id='word_1_296' title='bbox 290 4000 323 4054; x_wconf 82' lang='lat' dir='ltr'>E.</span> <span class='ocrx_word' id='word_1_297' title='bbox 341 4000 455 4054; x_wconf 84' lang='lat' dir='ltr'>Maass</span> <span class='ocrx_word' id='word_1_298' title='bbox 478 3998 534 4052; x_wconf 81' lang='lat' dir='ltr'>Die</span> <span class='ocrx_word' id='word_1_299' title='bbox 553 3998 726 4068; x_wconf 72' lang='lat' dir='ltr'>Taqespb&#39;tter</span> <span class='ocrx_word' id='word_1_300' title='bbox 749 4014 775 4066; x_wconf 90' lang='lat' dir='ltr'>p.</span> <span class='ocrx_word' id='word_1_301' title='bbox 792 3997 862 4066; x_wconf 79' lang='lat'>242).</span> <span class='ocrx_word' id='word_1_302' title='bbox 907 3995 959 4051; x_wconf 90' lang='lat' dir='ltr'>Sed</span> <span class='ocrx_word' id='word_1_303' title='bbox 983 3995 1125 4050; x_wconf 85' lang='lat' dir='ltr'>stellarum</span> <span class='ocrx_word' id='word_1_304' title='bbox 1148 3993 1267 4046; x_wconf 88' lang='lat' dir='ltr'>omnium</span> <span class='ocrx_word' id='word_1_305' title='bbox 1295 4007 1342 4044; x_wconf 89' lang='lat' dir='ltr'>ora</span> <span class='ocrx_word' id='word_1_306' title='bbox 1360 3990 1408 4044; x_wconf 85' lang='lat' dir='ltr'>vix</span> 
     </span>
     <span class='ocr_line' id='line_1_37' title="bbox 228 4075 1408 4153; baseline -0.009 -13"><span class='ocrx_word' id='word_1_307' title='bbox 228 4085 391 4153; x_wconf 82' lang='lat' dir='ltr'>laudantu13</span> <span class='ocrx_word' id='word_1_308' title='bbox 416 4085 524 4153; x_wconf 84' lang='lat' dir='ltr'>saepius</span> <span class='ocrx_word' id='word_1_309' title='bbox 547 4089 656 4139; x_wconf 89' lang='lat' dir='ltr'>tantum</span> <span class='ocrx_word' id='word_1_310' title='bbox 680 4083 829 4150; x_wconf 89' lang='lat' dir='ltr'>loquuntur</span> <span class='ocrx_word' id='word_1_311' title='bbox 846 4086 942 4150; x_wconf 88' lang='lat' dir='ltr'>poetae</span> <span class='ocrx_word' id='word_1_312' title='bbox 966 4080 1000 4133; x_wconf 92' lang='lat' dir='ltr'>de</span> <span class='ocrx_word' id='word_1_313' title='bbox 1018 4094 1063 4134; x_wconf 91' lang='lat' dir='ltr'>ore</span> <span class='ocrx_word' id='word_1_314' title='bbox 1086 4078 1163 4145; x_wconf 87' lang='lat' dir='ltr'>solis,</span> <span class='ocrx_word' id='word_1_315' title='bbox 1188 4077 1265 4131; x_wconf 86' lang='lat' dir='ltr'>cuiua</span> <span class='ocrx_word' id='word_1_316' title='bbox 1289 4075 1408 4130; x_wconf 86' lang='lat' dir='ltr'>ambitus</span> 
     </span>
     <span class='ocr_line' id='line_1_38' title="bbox 229 4161 1408 4239; baseline -0.009 -14"><span class='ocrx_word' id='word_1_317' title='bbox 229 4172 363 4225; x_wconf 82' lang='lat' dir='ltr'>rotundus</span> <span class='ocrx_word' id='word_1_318' title='bbox 386 4170 558 4239; x_wconf 88' lang='lat' dir='ltr'>praecipuam</span> <span class='ocrx_word' id='word_1_319' title='bbox 583 4168 733 4236; x_wconf 91' lang='lat' dir='ltr'>opinationi</span> <span class='ocrx_word' id='word_1_320' title='bbox 759 4167 836 4221; x_wconf 91' lang='lat' dir='ltr'>dedit</span> <span class='ocrx_word' id='word_1_321' title='bbox 853 4183 959 4221; x_wconf 86' lang='lat' dir='ltr'>ansam:</span> <span class='ocrx_word' id='word_1_322' title='bbox 984 4181 1010 4219; x_wconf 83' lang='lat' dir='ltr'>v.</span> <span class='ocrx_word' id='word_1_323' title='bbox 1029 4163 1108 4218; x_wconf 89' lang='lat' dir='ltr'>Iliad.</span> <span class='ocrx_word' id='word_1_324' title='bbox 1125 4164 1174 4217; x_wconf 86' lang='lat' dir='ltr'>lat.</span> <span class='ocrx_word' id='word_1_325' title='bbox 1194 4161 1408 4230; x_wconf 69' lang='lat' dir='ltr'>malphium</span> 
     </span>
     <span class='ocr_line' id='line_1_39' title="bbox 227 4246 1407 4326; baseline -0.008 -16"><span class='ocrx_word' id='word_1_326' title='bbox 227 4271 293 4326; x_wconf 79' lang='lat' dir='ltr'>pag.</span> <span class='ocrx_word' id='word_1_327' title='bbox 310 4256 353 4324; x_wconf 93' lang='grc'><strong>15)</strong></span> <span class='ocrx_word' id='word_1_328' title='bbox 372 4254 536 4309; x_wconf 70' lang='lat' dir='ltr'>cimitirium</span> <span class='ocrx_word' id='word_1_329' title='bbox 557 4255 642 4309; x_wconf 78' lang='lat' dir='ltr'>Titan</span> <span class='ocrx_word' id='word_1_330' title='bbox 659 4251 749 4306; x_wconf 80' lang='lat' dir='ltr'>radiis</span> <span class='ocrx_word' id='word_1_331' title='bbox 767 4254 851 4320; x_wconf 80' lang='lat' dir='ltr'>caput</span> <span class='ocrx_word' id='word_1_332' title='bbox 874 4250 975 4305; x_wconf 69' lang='lat' dir='ltr'>catelii</span> <span class='ocrx_word' id='word_1_333' title='bbox 992 4247 1082 4303; x_wconf 81' lang='lat' dir='ltr'>undis.</span> <span class='ocrx_word' id='word_1_334' title='bbox 1123 4247 1156 4303; x_wconf 92' lang='lat' dir='ltr'>V.</span> <span class='ocrx_word' id='word_1_335' title='bbox 1174 4252 1315 4316; x_wconf 77' lang='lat' dir='ltr'>praeterea</span> <span class='ocrx_word' id='word_1_336' title='bbox 1333 4246 1407 4301; x_wconf 86' lang='lat' dir='ltr'>PLM</span> 
     </span>
    </p>
   </div>
   <div class='ocr_carea' id='block_1_8' title="bbox 228 4337 1253 4497">
    <p class='ocr_par' dir='ltr' id='par_1_11' title="bbox 228 4337 1253 4497">
     <span class='ocr_line' id='line_1_40' title="bbox 228 4337 842 4411; baseline -0.008 -14"><span class='ocrx_word' id='word_1_337' title='bbox 228 4341 270 4397; x_wconf 83' lang='lat' dir='ltr'>IV</span> <span class='ocrx_word' id='word_1_338' title='bbox 287 4358 351 4411; x_wconf 78' lang='lat' dir='ltr'>pag.</span> <span class='ocrx_word' id='word_1_339' title='bbox 371 4341 420 4394; x_wconf 83' lang='lat'>134</span> <span class='ocrx_word' id='word_1_340' title='bbox 437 4359 464 4396; x_wconf 85' lang='lat' dir='ltr'>n.</span> <span class='ocrx_word' id='word_1_341' title='bbox 482 4341 553 4396; x_wconf 88' lang='lat' dir='ltr'>VIII</span> <span class='ocrx_word' id='word_1_342' title='bbox 565 4341 588 4408; x_wconf 82' lang='lat'>7,</span> <span class='ocrx_word' id='word_1_343' title='bbox 600 4339 625 4406; x_wconf 89' lang='grc'>9,</span> <span class='ocrx_word' id='word_1_344' title='bbox 643 4355 669 4406; x_wconf 93' lang='lat' dir='ltr'>p.</span> <span class='ocrx_word' id='word_1_345' title='bbox 689 4337 738 4391; x_wconf 83' lang='lat'>135</span> <span class='ocrx_word' id='word_1_346' title='bbox 756 4353 782 4391; x_wconf 84' lang='lat' dir='ltr'>v.</span> <span class='ocrx_word' id='word_1_347' title='bbox 800 4337 842 4392; x_wconf 85' lang='lat'>24.</span> 
     </span>
     <span class='ocr_line' id='line_1_41' title="bbox 280 4419 1253 4497; baseline -0.017 -9"><span class='ocrx_word' id='word_1_348' title='bbox 280 4439 598 4497; x_wconf 77' lang='lat' dir='ltr'>Religionsgeschicbtliche</span> <span class='ocrx_word' id='word_1_349' title='bbox 611 4438 733 4485; x_wconf 85' lang='lat' dir='ltr'>Versuche</span> <span class='ocrx_word' id='word_1_350' title='bbox 746 4449 768 4482; x_wconf 90' lang='lat' dir='ltr'>u.</span> <span class='ocrx_word' id='word_1_351' title='bbox 782 4437 940 4482; x_wconf 84' lang='lat' dir='ltr'>Vorarboiten</span> <span class='ocrx_word' id='word_1_352' title='bbox 954 4434 996 4479; x_wconf 86' lang='grc'><strong>111.</strong></span> <span class='ocrx_word' id='word_1_353' title='bbox 1220 4419 1253 4471; x_wconf 87' lang='grc'><strong>14</strong></span> 
     </span>
    </p>
   </div>
   <div class='ocr_carea' id='block_1_9' title="bbox 0 0 1645 4964">
    <p class='ocr_par' dir='ltr' id='par_1_12' title="bbox 0 0 1645 4964">
     <span class='ocr_line' id='line_1_42' title="bbox 0 0 1645 4964; baseline 0 0"><span class='ocrx_word' id='word_1_354' title='bbox 0 0 1645 4964; x_wconf 95' lang='lat' dir='ltr'> </span> 
     </span>
    </p>
   </div>
  </div>
 </body>
</html>
