3292 4958
163 421 169 443 ,
233 362 295 426 114
681 357 832 412 Guilelmus
850 357 957 411 Gundel
1355 355 1409 442 [22

233 550 343 598 corum
365 529 576 612 Aphrodites,
600 534 637 595 ut
658 528 792 594 Ioannis
813 527 899 609 Lydi
923 527 1035 594 verbis
1058 533 1144 609 utar,
1167 527 1224 606 qni
1245 528 1286 593 de
1308 546 1409 593 mens.

232 653 263 715 p.
277 635 318 699 31
334 638 418 699 extr.
433 635 482 698 ed
497 633 545 698 W.
560 634 601 698 de
615 631 751 697 lucifero
769 630 868 696 dixit:
886 623 976 704 σῖνιος
991 627 1026 692 δὲ
1040 628 1079 692 ἂν
1095 626 1143 713 εἴη
1164 627 1374 715 ὃἌφροδίτης
1390 627 1408 692 ὁ

232 735 287 800 καὶ
301 733 474 816 Ἕσπερος,
497 732 543 809 ὡς
562 729 692 815 Ἕλλησι
714 731 810 798 δοκεῖ.
853 732 1014 797 Attulisse
1036 731 1174 798 Graecis
1196 732 1281 797 hanc
1302 732 1409 799 scien-

232 838 311 905 tiam
335 841 470 919 praeter
490 836 572 902 alios
588 835 743 901 videntur
758 835 915 900 Eudoxus
935 838 969 899 et
983 834 1149 915 Epigenes
1166 838 1199 898 et
1215 833 1409 914 Apollonius

233 940 397 1022 Myndius,
413 956 493 1020 quos
512 937 636 1003 Seneca
647 937 724 1001 Nat.
736 935 868 1019 Quaest.
880 936 977 1001 VII3
992 940 1159 1016 tamquam
1172 935 1408 1002 Chaldaeorum

234 1043 408 1124 discipulos
440 1042 565 1106 laudat.
626 1040 827 1106 Graecorum
860 1037 1044 1119 Aphrodite
1073 1039 1289 1105 Romanorum
1318 1039 1409 1106 facta

235 1151 285 1210 est
306 1146 428 1211 Venus.
471 1144 564 1227 Quod
598 1160 659 1223 quo
689 1147 834 1222 tempore
863 1141 1028 1221 evenerit,
1059 1146 1148 1206 certe
1177 1160 1240 1207 non
1270 1146 1409 1222 constat,

233 1250 291 1315 sed
310 1246 450 1313 fortasse
465 1246 623 1313 Varronis
646 1245 885 1328 temporibus.¹)
930 1245 994 1312 Sed
1009 1245 1166 1310 habemus
1187 1244 1410 1311 narrationem

233 1350 382 1417 Petronii
398 1348 432 1414 in
448 1347 698 1414 Trimalchionis
721 1348 813 1413 domo
836 1347 938 1412 fnisse
954 1347 1099 1413 tabulam
1117 1347 1277 1410 stallorum
1298 1352 1409 1428 septem

232 1453 385 1534 amapiacs
403 1453 503 1532 pictos
517 1452 741 1518 ostendentem
764 1451 845 1533 (cap.
861 1449 930 1533 30);
953 1450 989 1514 in
1008 1449 1069 1514 hac
1083 1448 1256 1515 luciferam
1278 1450 1408 1515 stellam

233 1554 373 1622 Veneria
394 1553 537 1636 imagine
558 1553 662 1620 fuisse
677 1570 865 1634 expressam
888 1551 1036 1618 conicere
1057 1552 1137 1617 licet
1157 1551 1410 1632 inspicientibus

232 1657 350 1723 monile
373 1658 534 1736 quoddam
557 1662 751 1739 argenteum
773 1655 889 1721 iisdem
911 1654 1109 1736 imaginibus
1133 1658 1293 1736 ornatum,
1322 1657 1409 1734 quod

232 1759 272 1825 Ε.
294 1759 508 1825 Maassius
530 1757 688 1840 repetivit
710 1757 919 1844 (Topespdtter
941 1777 970 1838 p.
994 1757 1079 1841 241).

318 1860 383 1927 Sed
402 1864 536 1941 praeter
561 1860 759 1942 Babylonios
781 1859 941 1941 Aegyptii
974 1877 1101 1939 quoque
1122 1861 1173 1924 'ad
1202 1861 1409 1940 planetarum

233 1961 415 2028 doctrinam
451 1963 675 2028 contulerunt:
713 1963 773 2027 hoc
810 1979 935 2042 quoque
974 1961 1099 2027 Seneca
1135 1967 1281 2027 testatur
1321 1961 1410 2047 (Nat.

234 2064 366 2147 Quaest.
396 2065 462 2131 VII
491 2064 533 2148 3).
583 2064 676 2145 Quae
709 2082 762 2130 res
793 2062 931 2130 alicuius
961 2064 1116 2129 momenti
1145 2064 1181 2130 in
1212 2065 1409 2146 appellando

233 2168 377 2249 Vespero
400 2166 503 2233 fuisse
525 2165 665 2249 videtur,
692 2166 721 2231 si
743 2167 873 2247 quidem
894 2165 1002 2232 Plinio
1032 2166 1130 2232 fidem
1154 2167 1321 2249 habemus,
1352 2168 1409 2249 qui

234 2268 314 2334 dicit
343 2269 381 2335 N.
410 2269 451 2334 H.
481 2269 517 2334 Π
546 2270 602 2334 37:
641 2269 776 2352 (lucifer)
809 2270 844 2331 irc
859 2294 862 2298 ·
875 2288 987 2349 mopso
1021 2270 1182 2333 nominum
1212 2270 1329 2333 ambitu
1359 2275 1411 2335 est.

232 2373 304 2436 Alit
319 2373 400 2435 cuim
422 2372 566 2449 Iunonia,
587 2372 645 2436 alia
659 2369 762 2454 leura,
781 2372 839 2435 olii
853 2371 973 2435 Matris
985 2370 1076 2434 daura
1092 2373 1288 2452 appellavere.
1324 2372 1354 2438 N
1356 2390 1408 2439 arn

231 2474 316 2541 inde.
338 2493 359 2543 a
380 2475 589 2541 Pharaonum
618 2475 819 2555 temporibus
848 2474 988 2540 Veneris
1017 2475 1115 2540 stella
1144 2473 1277 2557 Osiridi,
1310 2475 1408 2541 [aldis

231 2578 349 2644 marito
363 2578 475 2644 dicata
491 2583 565 2643 erat
580 2577 632 2662 (A.
643 2577 1062 2659 Boucheheclercq,
1074 2577 1273 2658 L’astrolopic
1281 2595 1411 2658 praepare

232 2699 263 2761 p.
285 2681 327 2745 66
349 2682 422 2745 adn.
445 2680 477 2762 1)
488 2681 528 2761 ἓ);
551 2679 650 2744 Isidis
673 2685 783 2745 autem
798 2697 975 2760 cognomen
997 2684 1031 2744 et
1052 2677 1170 2745 matris
1193 2680 1297 2761 deum,
1324 2692 1408 2760 quaa

233 2799 305 2849 cum
320 2780 409 2847 Iside
424 2781 548 2847 coaluit
570 2782 612 2864 (v.
636 2781 888 2847 Drexlerum
909 2781 944 2847 in
960 2780 1119 2847 Rosoheri
1134 2781 1213 2847 Lex.
1228 2782 1264 2846 II
1279 2801 1310 2862 p.
1325 2783 1400 2864 546)

232 2886 382 2949 secutum
402 2883 544 2949 videtur.
587 2883 721 2949 Iunonis
742 2902 821 2950 vero
843 2884 1023 2965 appellatio
1045 2884 1079 2949 in
1102 2884 1186 2949 libro
1209 2903 1335 2965 quoque
1358 2903 1408 2952 rc·

232 2983 369 3067 peritur,
396 2983 452 3065 qni
474 2984 551 3069 περὶ
572 2984 694 3066 κόσμου
715 2985 894 3068 inscriptus
921 2992 956 3052 et
977 2991 1131 3068 receptus
1154 2991 1206 3052 est
1234 2987 1270 3052 in
1291 3005 1408 3069 corpus

233 3086 496 3169 Aristotelicum
518 3087 567 3153 ibi
587 3087 725 3171 legimns
749 3108 775 3155 o.
791 3089 826 3154 ΙΙ
848 3109 878 3170 p.
898 3090 962 3155 392
985 3091 1089 3156 A28:
1112 3086 1130 3153 ὁ
1151 3100 1208 3152 τοῦ
1229 3089 1408 3175 Φωσφόρου

232 3187 378 3273 (κύκλος),
401 3188 439 3253 ὃν
465 3188 652 3276 Ἀφροδίτης
680 3189 712 3254 ot
743 3188 778 3253 δὲ
803 3189 902 3277 Ἥρας
929 3192 1244 3277 προσαγορεύουσι.3)
1301 3192 1404 3276 Quam

233 3290 450 3359 differentiam
465 3292 532 3359 illis
547 3293 748 3376 temporibus
763 3298 867 3360 ortam
889 3297 1009 3376 putem,
1032 3294 1150 3375 quibus
1171 3295 1405 3362 Chaldaeorum

231 3397 394 3462 Astarten
415 3394 450 3463 in
473 3396 634 3463 Graecum
657 3401 888 3465 converterent
910 3402 946 3463 et
967 3397 1059 3463 dubii
1081 3399 1266 3480 haererent,
1298 3404 1406 3464 utrum

232 3517 273 3567 ea
294 3499 386 3566 Hera
408 3503 496 3565 esset
517 3519 560 3566 an
583 3500 777 3582 Aphrodita.
814 3503 817 3510 '

317 3601 364 3667 Aa
385 3600 488 3667 Plinii
511 3603 678 3670 adnotatio
707 3603 777 3668 sola
805 3620 865 3683 per
887 3620 924 3668 se
946 3606 1032 3682 stat3
1062 3603 1159 3684 longe
1189 3600 1321 3683 plurimi
1350 3600 1406 3665 he·

231 3715 359 3785 sperum
393 3708 428 3769 et
455 3702 598 3768 Venerem
633 3703 720 3769 inter
749 3723 785 3770 ss
814 3703 1062 3770 coniunxerunt.
1113 3703 1407 3770 Commendabatur

232 3905 278 3960 des
296 3906 528 3977 Morpcaateraee;
551 3904 595 3960 die
618 3905 717 3976 dppiqc
745 3907 836 3962 Versus
858 3907 972 3960 Astarte
996 3907 1038 3961 ola
1056 3907 1099 3960 dic
1125 3906 1224 3960 Gottia
1247 3906 1294 3962 dee
1316 3911 1410 3961 acamr-

230 3991 368 4059 peheadm
392 3990 605 4061 Vereusyeatirna
624 3991 670 4045 des
687 3990 894 4047 Abendateraca.
1072 3992 1092 4060 ¹)
1110 3993 1180 4047 Vide
1197 3992 1270 4047 intra
1286 4009 1350 4062 pag.
1367 3993 1410 4047 31.

320 4075 341 4146 ⁸)
359 4077 553 4131 adnotandum
570 4082 613 4131 est
625 4076 724 4131 Isidem
741 4077 826 4132 etiam
843 4093 891 4146 pro
910 4077 1015 4133 Venere
1033 4077 1135 4132 cultam
1151 4081 1179 4132 et
1196 4093 1310 4132 aurorae
1326 4078 1411 4132 domi-

233 4177 296 4216 nam
313 4166 440 4231 putatam
458 4177 517 4216 esse
535 4161 641 4230 (Rosch.
658 4162 688 4216 II
705 4179 731 4231 p.
749 4163 809 4219 494.
826 4163 898 4232 441).

320 4246 341 4316 ⁸)
359 4246 435 4313 Quod
452 4247 583 4316 Apuleius
601 4248 635 4303 de
652 4249 751 4304 mundo
775 4265 797 4304 c.
815 4249 844 4303 II
867 4249 909 4304 ita
926 4247 1075 4304 convertit:
1102 4247 1218 4316 quintus
1235 4245 1410 4315 Phosphorus

232 4330 363 4402 Ismenia,
380 4331 465 4386 immo
483 4332 594 4388 Veneris
611 4333 698 4404 atella,
712 4337 844 4390 censetur.
868 4335 939 4391 Vide
951 4334 1036 4390 etiam
1049 4335 1121 4404 hug.
1134 4334 1167 4389 de
1178 4333 1230 4390 civ.
1243 4332 1288 4388 dei
1299 4331 1355 4388 VII
1367 4331 1409 4385 15.
