3278 4964
232 387 295 452 244
683 382 834 438 Guilelmus
852 381 959 436 Gundel
1333 377 1415 467 [152

230 574 401 638 perperam
423 553 508 620 Solis
538 571 638 635 equos
661 553 821 618 direxisse
843 552 1027 618 narrabant
1049 549 1149 631 (Man.
1172 549 1333 636 1724)1):
1361 549 1414 617 in·

230 658 435 724 cendictum
458 662 529 723 orto
559 655 745 736 explicatur
775 655 877 720 dictio
901 655 1001 738 plapa
1022 661 1093 718 usta
1119 672 1218 735 supra
1247 672 1324 738 pag.
1349 654 1416 721 150

231 765 489 827 commemorata.

315 863 453 928 Praeter
467 862 527 928 has
542 860 719 942 opiniones,
741 878 825 940 quae
840 860 928 926 viam
944 860 1086 925 lacteam
1101 877 1161 941 pro
1176 857 1294 924 itinere
1309 859 1415 926 solari

230 965 407 1047 accipiunt,
429 963 496 1030 alia
511 963 626 1029 extitit
648 961 826 1043 sententia,
848 982 932 1043 quae
951 963 992 1027 de
1011 961 1069 1028 via
1084 963 1217 1027 deorum
1232 960 1416 1045 cogitabat.

230 1060 325 1134 Hanc
347 1067 505 1148 explanat
527 1064 664 1133 Ovidius
688 1065 765 1130 Met.
788 1066 806 1130 I
827 1067 889 1132 168
898 1084 981 1146 sqq.:

384 1186 449 1251 Est
471 1185 528 1252 via
550 1184 709 1267 sublimis
733 1185 823 1250 caelo
846 1183 1024 1250 manifesta
1046 1202 1168 1267 sereno,

384 1288 492 1353 lactea
513 1305 630 1352 nomen
652 1288 762 1369 habet,
785 1289 925 1352 candore
946 1286 1104 1353 notabilis
1126 1287 1205 1368 ipso.

382 1392 455 1456 Hac
477 1390 543 1456 iter
566 1394 618 1455 est
639 1390 768 1471 superis
792 1391 835 1454 ad
857 1389 969 1471 magni
991 1394 1083 1455 tecta
1107 1387 1306 1472 1101111111)

383 1494 594 1575 regalemque
619 1495 754 1559 domum.
798 1492 927 1557 Dextra
949 1491 1109 1572 laevaque
1134 1492 1269 1557 deorum

386 1596 477 1662 atria
498 1596 657 1661 nobilium
680 1596 789 1661 valvis
814 1596 1026 1660 celebrantur
1047 1594 1183 1677 apertio.

315 1719 363 1784 Ut
385 1716 540 1783 Ovidium
558 1715 758 1782 Graecorum
779 1715 850 1781 fere
872 1715 994 1796 ubique
1017 1713 1176 1796 exemplis
1198 1713 1262 1779 niti
1282 1714 1415 1798 scimus

230 1821 291 1885 hoc
313 1837 439 1900 quoque
462 1819 531 1884 loco
554 1818 718 1885 Graecam
748 1818 931 1884 doctrinam
953 1836 1027 1883 eum
1056 1836 1172 1898 sapere
1206 1816 1415 1884 coniciamus.

231 1920 382 1986 Ovidium
405 1925 537 1985 secutus
559 1939 631 1986 esse
653 1921 786 1987 videtur
808 1920 995 1986 Martianus
1018 1919 1155 2002 Capella
1170 1919 1188 1984 I
1205 1920 1257 2003 97,
1278 1919 1336 2000 qui
1357 1921 1415 1986 de·

230 2041 321 2087 orum
345 2021 517 2086 concilium
546 2022 581 2086 in
604 2023 738 2102 galaxia
767 2022 913 2103 collocat,
946 2023 1004 2088 ubi
1032 2022 1067 2088 in
1097 2021 1214 2088 lacteis
1246 2021 1337 2088 sellis
1366 2021 1415 2088 dii

229 2123 403 2191 considunt
425 2123 523 2209 (209).
567 2125 691 2189 Eodem
714 2128 844 2205 spectat
868 2124 1066 2190 Claudianus
1088 2124 1244 2191 XXXIII
1265 2125 1345 2191 231:
1363 2125 1414 2190 di·

230 2228 301 2290 oiuo
323 2228 431 2290 semita
452 2246 561 2307 pressu
587 2227 709 2292 clareat.

314 2332 428 2411 Neque
452 2331 597 2412 deerant,
619 2329 676 2410 qui
699 2330 783 2395 hanc
798 2329 982 2411 opinionem
997 2330 1099 2396 latius
1121 2330 1319 2395 excolerent.
1364 2329 1414 2396 Ut

230 2432 285 2499 via
306 2435 417 2498 lactea
439 2437 563 2498 terram
584 2437 724 2514 tangere
750 2432 900 2516 videtur,
930 2433 1063 2499 numina
1093 2451 1133 2498 ea
1163 2431 1414 2514 progredientes

230 2540 289 2600 aut
305 2540 432 2601 eterra
453 2535 488 2600 in
504 2536 631 2601 caelum
647 2539 705 2600 aut
728 2554 746 2600 e
762 2537 853 2601 caelo
868 2535 903 2601 in
922 2540 1046 2601 terram
1062 2534 1111 2601 ire
1132 2539 1295 2616 poterant.
1340 2535 1414 2601 Iam
1492 2580 1495 2585 -

228 2639 408 2703 accedebat
426 2638 534 2703 altera
553 2639 613 2703 illa
632 2637 748 2721 opinio,
773 2657 869 2718 quam
886 2657 986 2721 supra
1005 2657 1079 2720 pag.
1101 2639 1161 2703 131
1184 2655 1413 2705 commemora·

229 2740 345 2820 vimus,
358 2741 486 2805 animas
498 2758 688 2822 magnorum
696 2741 860 2806 hominum
874 2746 908 2806 et
919 2747 996 2807 ante
1006 2747 1040 2807 et
1048 2746 1120 2822 post
1128 2740 1232 2807 vitam
1241 2740 1413 2807 mortalem

227 2843 263 2907 in
279 2842 370 2907 caelo
388 2861 461 2907 cunr
475 2842 526 2907 dis
543 2860 659 2907 aevum
672 2862 781 2924 agere.
811 2843 883 2908 Iam
895 2843 1104 2925 intellegitur
1115 2862 1180 2925 qua
1195 2862 1231 2908 re
1246 2845 1412 2911 adductus

229 2942 417 3008 Macrobius
433 2944 556 3008 dixerit
572 2943 606 3007 in
630 2944 758 3009 Somnio
781 2945 941 3026 Scipionis
957 2947 975 3011 Ι
991 2948 1039 3029 12,
1056 2949 1084 3013 1.
1099 2948 1136 3012 2:
1159 2946 1320 3010 desanaus
1342 2967 1413 3012 uero

228 3046 335 3127 ipsius,
358 3063 417 3127 quo
439 3046 546 3107 auirua
569 3045 605 3108 dc
627 3047 708 3110 racia
729 3049 765 3110 iu
786 3047 879 3111 buius
907 3049 986 3112 uitae
1014 3050 1143 3130 iuferua
1176 3048 1338 3132 delabitur,
1367 3051 1414 3114 sic

229 3147 304 3211 ordo
332 3147 502 3231 digeritur:
531 3148 693 3212 zodiacum
722 3151 767 3214 ita
798 3151 912 3214 lacteus
942 3151 1078 3215 circulus
1108 3152 1247 3236 obliquae
1279 3153 1411 3216 circum·

225 3250 370 3332 fleuiouis
392 3271 520 3315 occursu
542 3252 704 3316 ambiendo
727 3255 942 3338 complectitur,
965 3261 1000 3318 ut
1021 3274 1099 3338 curu,
1123 3271 1186 3338 qua
1209 3254 1271 3318 duo
1293 3256 1412 3338 tropica

226 3356 319 3438 siqua
338 3352 547 3437 Capricornus
563 3361 590 3417 a
606 3354 724 3418 Oauccr
740 3356 898 3440 feruutur,
919 3359 1083 3422 intersecat.
1127 3356 1201 3420 Has
1215 3357 1291 3421 solis
1300 3363 1412 3438 portas

227 3455 347 3540 pbpsici
366 3464 554 3523 uocauerunt.
576 3508 584 3523 .
606 3509 613 3523 .
636 3508 644 3523 .
666 3458 728 3522 Par
748 3458 805 3522 bas
822 3466 932 3542 portas
953 3462 1077 3523 auimae
1098 3459 1137 3523 dc
1157 3460 1239 3524 caclo
1261 3460 1296 3523 iu
1311 3463 1412 3523 terras

227 3580 331 3623 maore
350 3566 378 3623 ct
400 3559 439 3623 (le
459 3562 553 3623 terris
575 3562 610 3624 iu
632 3562 749 3625 caalmu
772 3582 910 3625 remeare
931 3562 1109 3629 creduntur.
1153 3561 1227 3626 ideo
1248 3562 1410 3626 bominum

227 3681 302 3738 uua,
325 3662 425 3726 altera
439 3661 567 3726 deorum
589 3668 722 3733 uocatur.
767 3663 943 3728 Hominum
962 3685 1080 3749 caurcr,
1103 3667 1178 3749 quia
1190 3686 1249 3748 par
1269 3665 1353 3728 huuc
1374 3667 1412 3729 ia

225 3764 379 3843 iuferiora
399 3764 563 3830 descensus
584 3772 635 3848 eat,
659 3765 871 3849 Capricornus
892 3768 1028 3850 deoruru,
1051 3770 1126 3851 quia
1146 3788 1204 3850 per
1225 3767 1316 3832 illuru
1338 3769 1410 3831 aui·

225 3885 271 3896 -Ὰ
276 3887 431 3895 ...ὴ--

313 3933 333 4003 1)
351 3934 421 3989 Vide
439 3934 525 3990 ctiam
543 3937 588 3991 Ps.
607 3937 681 3990 Plut.
700 3936 768 4004 plac.
787 3937 881 4005 philos.
900 3937 987 3990 1111.

310 4019 332 4090 2)
349 4020 451 4089 Viguit
462 4021 529 4075 haec
541 4022 680 4090 persuasio
690 4023 762 4089 apud
772 4022 914 4090 plorasque
923 4021 1061 4076 nationes:
1075 4022 1148 4089 apud
1160 4023 1241 4078 Indos
1255 4023 1298 4091 (A.
1307 4022 1411 4078 Kuhu

224 4103 390 4172 Zcilscbrift
410 4107 462 4174 fiir
484 4108 565 4176 perpl.
591 4105 846 4176 Sprucbforacbuag
862 4109 891 4162 II
908 4107 970 4178 316)
996 4113 1025 4162 et
1042 4108 1190 4177 Hungaros
1216 4108 1410 4178 (Kohlbaclr

224 4190 306 4246 Arcu.
323 4191 375 4257 fur
392 4192 481 4264 Relip.
506 4192 669 4247 Wiaacascla.
688 4193 717 4246 H
736 4192 803 4246 1899
821 4209 884 4262 pag.
897 4193 959 4263 343)
978 4198 1006 4247 et
1019 4193 1086 4247 alios
1105 4193 1309 4263 (Frobenius
1329 4192 1411 4247 War-

225 4275 404 4346 ouacbouuug
428 4278 476 4331 der
498 4277 682 4332 Nararaouer
704 4294 768 4346 pag.
787 4277 851 4346 9173
876 4279 1088 4346 Tylorl.l.1
1111 4294 1174 4348 pag.
1199 4278 1264 4348 3533
1288 4277 1411 4333 Piotet

227 4359 353 4430 Oripiucs
369 4361 628 4431 iudo-curopieaacs
645 4363 674 4417 H
691 4363 756 4431 582;
775 4364 924 4418 Drexler
942 4365 959 4419 l.
978 4365 996 4419 l.
1015 4381 1079 4432 pag.
1097 4363 1167 4433 733).
