3292 4958
245 352 307 418 150
695 349 846 405 Guilelmus
865 350 972 405 Gundel
1367 348 1421 438 [58

330 519 405 585 Tali
428 522 520 586 modo
544 520 683 602 singulis
705 521 812 586 stellis
843 519 1059 586 consideratis
1082 520 1222 601 primum
1252 525 1351 602 caput
1379 522 1422 586 ad

243 624 340 688 finem
362 623 509 704 perduxi.
561 622 834 688 Commemorasse
864 628 993 688 tantum
1022 621 1166 688 sufficiet
1194 641 1360 704 capram
1388 627 1422 689 et

243 727 415 807 haecce,
453 725 569 790 stellas
600 726 798 790 Graecorum
817 725 940 810 ,nautis
970 724 1174 806 notissimas,
1210 729 1323 791 tamen
1357 725 1422 791 Ro·

243 828 348 894 manis
371 827 489 908 priscis
511 827 631 909 quippe
653 827 709 907 qui
732 828 895 909 agricolae
916 826 1049 910 fuerint,
1082 827 1171 893 haud
1193 833 1289 893 notas
1311 827 1422 894 fuisse.

242 931 334 1012 Quae
350 931 457 1012 dehis
473 930 578 995 stellis
593 934 709 995 notatu
726 930 926 1013 (lignosum,
942 929 1090 997 invenies
1106 932 1194 1012 apud
1209 931 1255 994 Id
1265 931 1422 997 elerum

244 1034 265 1099 l.
286 1053 312 1098 c.
334 1053 363 1114 p.
387 1034 427 1097 92
451 1037 484 1098 et
508 1034 557 1098 94.
602 1033 693 1098 idem
716 1033 768 1099 vir
790 1034 904 1098 doctus
935 1053 965 1114 p.
989 1034 1049 1097 171
1081 1037 1116 1098 et
1144 1033 1207 1099 205
1238 1033 1422 1114 disputavit

243 1138 283 1200 de
305 1136 412 1200 nodo
435 1139 469 1199 et
492 1137 531 1200 de
554 1135 884 1218 vindemiatore,
907 1154 986 1217 quas
1009 1135 1124 1201 stellas
1145 1134 1225 1201 item
1249 1135 1422 1202 aGraecis

243 1241 439 1318 receperunt
450 1237 604 1317 Romani;
621 1257 725 1318 neque
737 1243 847 1303 tamon
864 1256 1016 1321 magnum
1031 1237 1097 1304 illis
1110 1243 1306 1303 momentum
1318 1238 1421 1303 tribu·

244 1343 350 1406 crunt.
403 1339 495 1420 Quae
525 1359 597 1405 cum
627 1340 676 1405 ita
702 1340 786 1424 sint,
816 1340 981 1405 affirmare
1011 1340 1107 1423 licet,
1142 1340 1230 1421 ipsos
1259 1341 1422 1406 Romanos

243 1442 447 1526 singularum
477 1443 646 1508 stellarum
676 1445 867 1510 observasse
905 1447 1034 1508 tantum
1062 1461 1283 1524 vesperum
1312 1442 1421 1508 luci-

243 1544 375 1610 ferum
404 1544 660 1629 caniculam,
691 1565 802 1612 earum
826 1564 905 1626 quas
936 1546 1114 1612 aGraecis
1143 1550 1340 1627 acceperunt
1371 1564 1422 1611 co·

172 1642 176 1648 ’
243 1646 344 1713 luisse
366 1647 505 1713 maxime
530 1653 756 1714 arcturum.
