3278 4964
306 369 369 435 154
756 366 907 421 Guilelmus
925 365 1033 420 Gundel
1423 365 1485 451 [62

306 539 435 607 delator
457 539 546 621 (Tac.
569 556 643 603 ann.
664 537 700 601 ΙΙ
721 536 869 621 assqq.);
899 535 935 600 in
961 535 1069 601 titulis
1092 541 1267 601 occurrunt
1296 535 1347 600 hi:
1372 535 1443 602 GlL
1466 538 1486 604 I

304 644 367 707 286
391 641 453 706 CN.
469 639 593 706 Luca.
610 639 732 719 raim
755 639 772 703 I
794 640 854 704 451
869 638 906 704 L.
928 638 1131 703 LVCRETI.
1152 638 1271 719 raim
1293 638 1324 704 V
1346 640 1430 705 8464
1447 640 1485 706 Τ.

304 743 485 826 Qviuoui
501 741 694 821 aaronis
713 741 862 805 1115436
876 741 907 806 G.
924 740 1063 805 LICINI
1079 741 1271 820 usionis
1287 741 1340 806 ΙΙΙ
1352 742 1437 807 2735
1445 743 1483 808 P.

305 846 469 912 AELIVS
499 844 646 911 VERVS
676 843 777 908 AEL.
811 843 965 908 unioni
986 843 1131 907 MATRI
1156 842 1485 912 PIENTISSIMAE.

390 950 514 1013 Tamen
543 945 699 1011 extremis
729 944 859 1026 imperii
881 945 1020 1010 Romani
1050 944 1192 1010 saeculis
1222 945 1483 1027 septentrionum

304 1050 393 1116 notio
416 1049 492 1115 aliis
514 1047 656 1113 eiusdem
688 1047 804 1112 sideris
835 1046 1112 1127 appellationibus
1146 1047 1284 1113 cessisse
1314 1052 1348 1113 et
1376 1048 1485 1116 rarior

303 1154 392 1218 taeta
415 1151 641 1218 videturesse.
670 1151 762 1232 Quod
779 1150 928 1233 colligam
945 1169 963 1214 e
979 1149 1132 1232 Gregorii
1148 1151 1346 1216 Turonensis
1362 1152 1484 1236 verbis,

304 1273 388 1336 quae
404 1253 540 1334 scripsit
562 1253 600 1316 de
618 1272 712 1316 conrsn
726 1252 886 1315 stolinrnin
903 1252 933 1335 (ᾗ
949 1254 990 1318 to
1007 1254 1054 1317 ed.
1071 1251 1162 1317 Frid.
1186 1253 1324 1318 Haase
1346 1253 1484 1321 Vratisl.

305 1358 416 1441 1853):
428 1356 465 1420 do
478 1355 527 1419 nte
540 1356 636 1419 stellis
648 1374 726 1434 pnes
737 1356 848 1418 rnstioi
858 1355 1036 1435 pinontrenn
1051 1359 1159 1418 ooonret
1174 1355 1251 1435 qnid
1267 1355 1366 1418 cinero
1373 1375 1484 1436 possu-

303 1480 372 1524 rnns
384 1508 391 1522 .
405 1508 413 1522 .
426 1511 433 1525 .
444 1480 465 1522 n
485 1457 673 1540 sopiontibns
687 1459 850 1538 septentrio
865 1461 991 1520 coontnr
1001 1463 1128 1539 propter
1143 1477 1316 1522 nnnoernrn.
1340 1458 1404 1524 Sed
1417 1479 1483 1525 om-

302 1564 380 1629 nino
392 1580 544 1643 repressa
556 1562 636 1627 haec
648 1561 737 1626 notio
750 1579 813 1625 non
826 1565 884 1626 est.
904 1562 986 1625 Nam
999 1560 1163 1625 retinetur
1176 1559 1294 1626 sideris
1307 1580 1423 1626 nomen
1431 1562 1485 1629 his

302 1665 382 1747 ipsis
405 1665 606 1747 temporibus
622 1684 642 1729 a
658 1663 894 1745 Francogallis⁷
911 1663 1029 1742 quibus
1046 1663 1184 1728 cultiore
1200 1682 1347 1729 sermone
1362 1669 1428 1747 sept
1467 1701 1480 1716 -

302 1769 538 1848 trionvocatur,
550 1768 591 1831 ab
600 1767 704 1848 Italis,
718 1785 851 1846 quorum
863 1766 1058 1828 sottentriono
1066 1784 1106 1830 ex
1114 1765 1173 1832 illa
1185 1766 1322 1846 antiqua
1334 1769 1481 1847 appella-

302 1870 392 1934 tione
414 1872 587 1935 deductum
610 1872 669 1933 est.
713 1869 827 1934 Etiam
846 1868 988 1948 Hispani
1004 1874 1139 1934 servant
1162 1887 1273 1936 vocem
1287 1871 1483 1954 septemtrion,

303 1989 375 2036 oum
397 1970 552 2035 Lusitani
575 1976 608 2034 et
629 1970 783 2036 Germani
816 1989 926 2035 vocem
956 1970 1119 2051 ignorent.
1171 1971 1295 2036 Horum
1325 1991 1388 2036 non
1418 1972 1483 2038 nisi

304 2073 465 2137 doctiores
487 2071 635 2137 nonnulli
658 2090 769 2136 vocem
788 2077 1034 2154 usurpaverunt,
1062 2091 1196 2152 quorum
1227 2073 1327 2138 affero
1350 2074 1405 2139 Ro
1418 2093 1482 2139 es-

302 2174 435 2240 linum
454 2173 518 2238 Von
532 2172 669 2254 leentipor
682 2174 750 2236 Zeit
761 2172 1014 2256 Besolenttenleit,
1026 2175 1242 2256 Argentorati
1255 2176 1338 2242 1609
1353 2195 1423 2256 cap.
1434 2176 1483 2243 IV

301 2298 333 2358 p.
350 2278 422 2342 lE:
445 2275 513 2340 Dor
539 2276 640 2340 Cornot
658 2276 731 2339 noer
747 2325 753 2338 .
771 2327 800 2340 ..
822 2277 862 2339 ist
885 2277 1043 2356 norffooorte
1064 2297 1159 2357 pepon
1175 2277 1368 2357 Septentrion
1390 2279 1482 2343 ornnd

301 2379 399 2443 dnroh
419 2379 614 2460 Septentrion
636 2379 697 2443 diss
717 2380 753 2442 in
773 2378 831 2442 dns
851 2399 947 2460 pepon
963 2378 1095 2442 Zoieiron
1117 2379 1185 2443 does
1204 2379 1329 2444 Widers
1348 2401 1482 2463 ponpen.

387 2482 524 2549 Iamiam
566 2484 607 2548 ad
640 2482 729 2549 vocis
769 2483 1011 2564 septentrionnn
1051 2482 1211 2564 originem
1247 2483 1481 2549 illustrandam

301 2589 502 2653 accedamus.
548 2585 652 2651 exiis
683 2603 766 2665 quae
789 2587 895 2650 adhuc
918 2583 1041 2650 contuli
1071 2584 1264 2664 apparuisse
1294 2585 1481 2666 putaverim

301 2688 558 2756 vetustissimam
588 2705 685 2766 quam
714 2689 802 2767 apud
831 2686 1009 2766 scriptores
1042 2686 1182 2768 legimus
1211 2687 1346 2753 formam
1377 2688 1482 2755 fuisse

300 2791 534 2870 septentriones.
577 2789 664 2853 Hinc
680 2788 785 2870 igitur
800 2789 892 2853 nobis
908 2789 1174 2868 proficiscendum
1190 2796 1249 2856 est.
1294 2790 1358 2856 Sed
1373 2791 1480 2872 prius·

302 2910 399 2970 quam
420 2895 566 2956 nostram
597 2895 780 2955 statuamus
811 2890 1003 2972 opinionem,
1034 2911 1089 2957 eas
1110 2899 1154 2957 'et
1183 2897 1333 2959 veterum
1363 2898 1398 2959 et
1429 2913 1481 2960 re·

302 2993 483 3059 cantiorum
506 3011 735 3058 recenseamus
764 2992 940 3076 opiniones,
970 2995 1088 3074 quibus
1118 2995 1386 3076 adstipulandum
1415 3014 1482 3062 non

302 3095 355 3161 sit.
406 3095 549 3177 Quorum
579 3095 703 3176 primus
733 3095 837 3161 Varro
873 3101 984 3176 septorn
1010 3099 1124 3161 triones
1154 3098 1282 3180 accepit
1312 3103 1481 3179 tamquam

302 3201 427 3279 septem
451 3196 614 3279 trigonas;
645 3197 728 3263 dicit
750 3198 836 3263 enirn
859 3200 898 3264 de
921 3199 1036 3282 lingua
1064 3200 1156 3265 latin.
1178 3200 1244 3266 VII
1267 3202 1323 3266 75:
1349 3205 1481 3281 possnnt

301 3302 415 3365 triones
437 3300 520 3382 dicti,
548 3299 615 3364 VII
633 3299 715 3381 qnod
735 3302 780 3364 ito
801 3302 878 3365 sitne
899 3303 1010 3385 steine,
1031 3308 1066 3367 nt
1088 3308 1192 3367 tmnno
1213 3305 1338 3384 triponn
1358 3305 1480 3384 fociant

300 3404 472 3487 niipnen.¹)
524 3403 589 3468 Per
622 3422 657 3469 se
686 3407 783 3485 plane
821 3403 935 3486 inepta
967 3405 1100 3472 videtur
1125 3405 1373 3486 interpretatio:
1403 3425 1480 3473 narn

300 3507 358 3574 vix
389 3505 515 3588 putaris
538 3506 700 3572 Romanos
729 3511 823 3573 tanto
854 3507 1055 3590 geometriae
1083 3508 1193 3575 studio
1224 3514 1337 3591 captos
1368 3507 1479 3592 fuisse,

300 3614 337 3675 ut
353 3628 394 3674 ex
409 3608 658 3675 constellatione
679 3608 884 3692 singularum
899 3611 1070 3676 stellarum
1090 3610 1154 3677 sibi
1168 3611 1333 3694 fingerent
1354 3616 1480 3692 septem

299 3712 457 3794 trigenas.
509 3713 691 3777 Praeterea
726 3718 760 3777 et
790 3732 809 3777 a
839 3713 1125 3794 grammaticorum
1154 3714 1285 3797 legibus
1314 3714 1480 3796 abhorret,

299 3816 385 3895 quod
408 3813 492 3880 vidit
515 3813 747 3880 Gorssenus
763 3816 783 3879 l.
798 3815 818 3879 l.
841 3833 915 3898 pag.
931 3816 994 3880 513
1010 3818 1084 3882 adn.
1129 3816 1238 3900 Quare
1255 3817 1371 3882 dehoc
1389 3815 1478 3883 veri·

299 3916 408 3997 loquio
429 3916 529 3982 silere
550 3915 645 3982 nobis
667 3916 755 3983 licet.

385 4019 503 4084 Altera
532 4019 767 4100 interpretatio
797 4039 817 4084 a
844 4019 951 4086 Gellio
977 4021 1144 4102 profertur
1173 4020 1211 4085 N.
1234 4021 1273 4086 A.
1303 4021 1338 4086 ΙΙ
1369 4021 1420 4103 21,
1442 4019 1477 4085 6:

298 4120 409 4200 cnipns
431 4169 486 4184 ...
508 4124 782 4203 prornnontieornrn
802 4124 1021 4204 septentriones
1042 4143 1062 4186 c
1082 4123 1145 4187 soie
1166 4143 1294 4188 nnrnoro
1315 4123 1478 4187 sndcrnrn

386 4255 406 4324 ¹)
424 4256 547 4312 Eandem
570 4263 760 4312 commemorat
788 4258 994 4326 explicationem
1018 4258 1117 4315 Festus
1141 4275 1167 4328 p.
1192 4259 1300 4329 339M.;
1328 4258 1478 4314 Varronem

297 4339 394 4395 laudat
411 4339 515 4396 Gellius
533 4343 566 4397 N.
584 4345 617 4398 A.
635 4344 664 4398 II
682 4344 723 4413 21,
744 4343 777 4397 10
787 4359 826 4412 sq.
