3292 4958
329 387 372 454 96
780 394 932 452 Guilelmus
949 397 1056 454 Gundel
1473 406 1507 495 [4'

327 561 443 640 postea
472 561 736 630 confundebatur
773 585 845 633 oum
874 569 1025 652 vergiliis
1054 572 1256 658 suculisque,
1286 577 1372 643 unde
1402 577 1506 644 Tauri

327 659 601 743 significationem
616 666 770 747 primitus
781 668 922 737 alienam
937 691 1044 754 neque
1058 693 1209 756 umquam
1224 677 1322 758 plane
1336 685 1507 763 acceptam

326 780 399 829 esse
435 770 586 847 apparet.
637 768 739 835 Immo
769 771 847 851 quin
868 774 999 841 nomina
1028 776 1154 843 zodiaci
1184 784 1278 846 sexto
1308 799 1338 846 a.
1368 781 1443 849 Ohr.
1469 801 1506 849 n.

325 866 457 933 saeculo
479 887 500 934 a
522 869 696 938 Chaldaeis
717 871 752 938 in
774 873 949 943 Graeciam
979 879 1147 946 translata
1169 881 1325 948 Romanis
1347 888 1505 966 posteaa

325 966 462 1035 Graecis
483 971 611 1038 tradita
633 973 709 1056 sint,
736 993 800 1041 non
823 981 874 1044 est
895 979 1038 1047 dubium.
1091 981 1200 1064 Quare
1229 985 1271 1050 de
1296 984 1348 1050 his
1378 987 1505 1054 zodiaci

324 1068 427 1153 signis
442 1075 610 1154 tamquam
628 1076 813 1160 peregrinis
828 1080 922 1147 omisi
938 1083 1117 1167 disserere,
1134 1087 1219 1167 quod
1237 1087 1267 1152 si
1283 1088 1357 1168 quis
1373 1090 1504 1169 quaerit

323 1173 425 1239 adeat
446 1174 487 1241 H.
509 1175 669 1244 Ideler:
694 1179 967 1266 Ualersucbuapeu
996 1186 1071 1251 elba
1092 1187 1152 1251 dea
1177 1188 1342 1272 Urspruap
1363 1192 1432 1256 aad
1453 1192 1504 1256 dab

321 1273 508 1359 Bedcutuap
535 1277 591 1342 der
611 1280 824 1369 Steruuumeo,
853 1286 999 1354 Berolini
1023 1290 1106 1356 1804
1127 1309 1202 1373 pag.
1225 1293 1288 1357 132
1318 1299 1502 1376 sequentes,

317 1377 363 1546 ,is
383 1378 800 1467 Bocche-Leclercq:
822 1388 1022 1472 L'aetrolopie
1040 1412 1178 1476 presque,
1201 1393 1297 1459 Paris
1320 1396 1404 1460 1899
1426 1415 1502 1480 pag.

370 1498 440 1562 sqq.

402 1585 544 1663 Praeter
566 1590 733 1663 zodiacum
756 1600 789 1662 et
813 1597 1018 1678 planetae
1039 1601 1180 1678 excepta
1202 1597 1384 1665 Veneris
1402 1601 1502 1667 stella

317 1698 437 1783 priscis
454 1699 612 1765 Romanis
634 1699 766 1782 ignotae
793 1703 897 1765 erant.
941 1699 1035 1765 Unus
1058 1699 1115 1779 qui
1137 1706 1254 1766 contra
1276 1701 1386 1768 dicere
1408 1703 1501 1770 vide·

319 1808 397 1869 atur
425 1802 593 1885 Vergilius
623 1807 688 1885 est,
723 1802 780 1882 qni
810 1802 928 1882 Georg.
957 1802 975 1866 I
1006 1802 1069 1866 335
1098 1802 1239 1869 rusticos
1278 1809 1426 1886 moneat,
1462 1809 1502 1870 ut

319 1905 472 1988 planetas
495 1905 697 1970 observent..
725 1904 790 1970 Sed
812 1922 886 1969 eum
901 1903 1044 1969 Graecos
1060 1910 1207 1970 secutum
1231 1923 1304 1970 esse
1326 1911 1360 1970 et
1375 1905 1500 1972 Graeco

318 2006 486 2092 πλανητῶν
507 2006 637 2073 nomine
654 2011 688 2072 et
711 2025 749 2072 eo
765 2008 1014 2089 demonstratur,
1038 2009 1122 2087 quod
1139 2025 1203 2072 non
1221 2012 1259 2073 ut
1281 2007 1400 2073 stellae
1421 2026 1500 2076 vere

319 2110 488 2176 Romanae
511 2111 555 2174 ad
576 2128 675 2175 unam
697 2127 807 2174 omnes
830 2127 848 2173 e
870 2109 969 2173 rebus
999 2109 1215 2175 terrestribus
1238 2114 1315 2175 sunt
1337 2110 1501 2193 cognomi-

319 2217 420 2279 natae
442 2214 499 2278 sed
522 2231 540 2277 e
562 2212 695 2277 deorum
716 2209 910 2277 nominibus.
954 2210 1055 2276 Immo
1086 2229 1237 2277 erronum
1260 2231 1388 2293 quoque
1409 2213 1501 2280 notio

320 2315 426 2382 serius
447 2315 579 2380 tandem
595 2333 616 2380 a
630 2313 767 2380 Graecis
782 2315 825 2379 ad
839 2313 1002 2379 Romanos
1022 2313 1182 2395 pervenit,
1206 2314 1262 2394 qui
1276 2314 1344 2380 illis
1359 2315 1500 2380 secundo

319 2417 440 2484 fenea
463 2417 537 2484 Chr.
558 2435 589 2483 n.
622 2418 751 2482 saeculo
774 2434 852 2481 suas
881 2413 1073 2480 indiderunt
1095 2414 1343 2496 appellationes.
1386 2408 1523 2498 Neque

321 2520 464 2587 Graecos
485 2519 607 2602 primos
628 2521 782 2600 planetas
798 2518 1001 2598 observasse,
1023 2517 1120 2581 immo
1141 2516 1207 2582 iam
1224 2517 1337 2583 multis
1359 2519 1501 2585 saeculis

321 2627 420 2688 antea
440 2623 619 2688 Chaldaeos
634 2621 717 2687 satis
731 2624 843 2685 notum
859 2622 919 2684 est.
962 2618 1013 2683 De
1028 2619 1081 2683 his
1096 2619 1267 2684 stellarum
1282 2619 1499 2685 erraticarum

321 2722 402 2788 fatis
414 2722 524 2804 relego
532 2729 566 2788 te
577 2725 621 2788 ad
632 2723 722 2791 viros
735 2720 1163 2787 doctosFr.Hommelin
1174 2719 1246 2801 eph.
1257 2720 1408 2784 Auslaud
1416 2720 1499 2787 1891

320 2843 396 2907 pag.
410 2825 482 2905 223,
498 2824 578 2905 382;
594 2825 673 2890 Τιδ
683 2824 863 2890 els-Lun
873 2825 894 2888 d
905 2821 1123 2887 Himmelsbold
1135 2821 1204 2886 aad
1218 2821 1503 2906 Woltuuschuuuap

320 2926 461 3009 Leipzig
475 2926 560 2992 1900
578 2945 653 3009 pag.
664 2927 715 3009 23,
733 2927 784 3009 29,
799 2927 935 3006 32sqq.;
958 2925 997 2991 A.
1013 2925 1422 3007 Bocche-Leclereq
1442 2927 1502 2992 l.c.

321 3048 396 3112 pag.
407 3029 449 3094 63
457 3046 542 3110 sqq.;
565 3029 604 3094 Ε.
618 3029 757 3094 Maass
788 3028 986 3109 Topespdtter
1007 3027 1139 3109 passim.
1184 3026 1276 3110 Quae
1298 3046 1371 3094 curn
1393 3028 1444 3095 ita
1467 3047 1503 3095 se

321 3131 476 3213 habeant,
493 3129 634 3213 cogitari
645 3131 760 3211 nequit
774 3131 936 3196 Romanos
951 3130 1027 3194 olim
1042 3130 1215 3195 stellarum
1231 3131 1414 3197 errantium
1429 3151 1502 3214 pro·

322 3234 413 3317 prias
424 3233 579 3300 habuisse
594 3233 742 3299 notiones
758 3232 964 3299 aOhaldaeis
976 3232 1176 3312 Graecisque
1190 3251 1369 3312 repressas.
1393 3233 1503 3317 Quare

322 3355 455 3403 errones
478 3340 759 3419 quoquepraeter
780 3336 941 3402 Venerem
965 3333 1097 3400 silentio
1119 3334 1338 3415 praetermisi.

408 3440 473 3506 Sed
495 3437 621 3505 omissis
642 3438 777 3505 zodiaco
804 3442 839 3504 et
868 3437 1012 3520 planetis
1034 3438 1199 3519 restabat,
1228 3441 1267 3503 ut
1297 3439 1338 3504 de
1366 3438 1503 3520 reliquis

322 3541 500 3608 luminibus
530 3560 551 3606 a
580 3542 736 3608 Romanis
765 3541 801 3606 in
830 3542 920 3606 caelo
950 3538 1136 3605 observatis
1165 3558 1307 3623 agerem.
1359 3540 1502 3623 Quorum

322 3644 450 3709 solem
473 3648 508 3708 et
529 3644 670 3708 lunam
706 3641 853 3708 consulto
879 3659 944 3706 non
969 3640 1088 3723 recepi,
1116 3659 1158 3707 ne
1186 3641 1319 3708 infinita
1340 3644 1503 3707 cresceret

323 3743 487 3811 materies.
530 3744 596 3810 Sed
619 3746 660 3809 de
688 3742 833 3810 stellis
863 3741 1141 3826 cadentibus,
1171 3746 1219 3810 de
1239 3741 1419 3809 crinitis
1441 3759 1503 3808 nec

323 3866 388 3914 non
411 3849 459 3913 de
478 3845 551 3914 via
572 3846 718 3912 lactea
740 3844 898 3911 nonnulla
913 3843 1071 3928 congessi,
1094 3864 1160 3926 qua
1182 3842 1350 3912 occasione
1365 3845 1446 3910 data
1461 3845 1503 3910 de

324 3949 474 4016 stellis
504 3966 632 4030 quoque
668 3947 711 4014 in
740 3946 984 4014 universum
1019 3947 1245 4014 disserendum
1271 3949 1353 4011 erat
1407 3947 1503 4012 Hanc

324 4052 493 4118 materiem
526 4050 663 4117 tertio
693 4048 830 4132 capiti
859 4048 1005 4133 seposui,
1039 4049 1092 4116 cui
1122 4050 1257 4115 brevem
1286 4046 1399 4112 addidi
1428 4067 1503 4115 con·

324 4153 509 4235 elusionem,
533 4172 598 4234 qua
620 4153 849 4220 absolveretur
870 4152 1012 4218 materia
1035 4155 1069 4218 et
1083 4166 1208 4216 summa
1228 4148 1332 4216 totius
1354 4151 1504 4232 opusculi

322 4275 388 4323 uno
410 4260 587 4338 conspectu
608 4255 829 4338 colligeretur.

410 4359 451 4425 In
481 4357 620 4442 singulis
649 4357 836 4425 tractandis
865 4356 996 4425 uberior
1022 4353 1162 4420 fortasse
1191 4351 1380 4438 legentibus
1410 4355 1503 4424 visus
