3292 4958
230 306 265 392 7]
454 307 495 361 De
511 305 652 361 stellarum
671 304 855 374 appellatione
871 309 900 359 et
916 303 1050 374 religione
1067 304 1189 360 Romana
1366 305 1408 373 99

614 1527 787 1594 enrvu
816 1525 1031 1593 Parmvm

536 1700 599 1781 Ile
626 1698 771 1782 stellis
798 1697 1101 1799 singularibus

553 1919 575 2013 ἓ
602 1929 633 1995 1.
682 1927 743 1996 De
769 1926 942 1996 Veneris
970 1927 1091 1997 stella

515 2123 540 2191 Ι.
571 2122 616 2191 lle
638 2122 915 2214 llanerlsstallaa
939 2122 1132 2212 nomlnilrus.

317 2257 368 2324 De
387 2257 527 2323 Veneris
548 2257 649 2324 stella
663 2257 850 2339 disputanti
864 2259 945 2324 mihi
963 2259 1103 2339 primum
1124 2260 1317 2331 monendum
1339 2276 1410 2331 esee

231 2359 365 2428 videtur
376 2364 526 2426 constare
535 2360 624 2426 inter
634 2360 806 2426 hodiernos
817 2360 982 2442 triplicem
994 2360 1090 2426 huius
1102 2361 1185 2435 astri
1196 2362 1273 2444 uim,
1288 2359 1410 2444 quippe

231 2462 317 2543 quod
333 2466 368 2527 et
382 2461 489 2527 noetis
507 2465 542 2527 et
556 2461 624 2528 diei
637 2460 774 2530 nuntius
788 2467 822 2528 et
837 2462 936 2529 stella
951 2462 1094 2528 erratica
1110 2463 1261 2538 exsistat.
1296 2461 1410 2545 Neque

231 2563 388 2633 Romanis
416 2564 451 2630 id
489 2568 563 2630 erat
591 2564 754 2647 ignotum3
785 2564 853 2630 tria
886 2563 972 2630 enim
1000 2564 1256 2648 appellationum
1286 2582 1410 2648 genera

233 2666 402 2750 exhibent,
424 2671 483 2732 aut
505 2685 679 2749 vesperum
701 2670 760 2732 aut
773 2666 945 2735 luciferum
968 2672 1027 2733 aut
1049 2670 1213 2742 errantem
1227 2667 1411 2740 laudantes.

233 2768 344 2848 Atque
364 2787 425 2850 ego
448 2770 489 2834 de
509 2769 752 2835 nominibus
782 2770 900 2836 stellae
922 2770 1009 2852 apud
1031 2770 1192 2837 Romanos
1215 2768 1324 2838 obviis
1344 2769 1410 2843 iam

231 2875 367 2937 aeturus
389 2869 519 2938 initium
543 2869 663 2937 faciam
686 2889 707 2936 a
729 2889 920 2954 vespero.

594 3075 635 3147 A.
658 3077 711 3144 lle
733 3079 814 3144 luae
836 3076 1054 3160 vespertina.

318 3228 428 3296 Primo
450 3229 520 3296 loeo
542 3231 603 3297 sub
626 3248 690 3296 uno
713 3234 888 3312 conspeetu
910 3235 1076 3311 ponantur
1097 3229 1229 3296 uomina
1250 3231 1294 3296 ad
1316 3248 1411 3297 ves·

233 3348 377 3411 perum
398 3329 581 3398 redeuntia.

325 3431 490 3514 Vesper,
506 3434 566 3497 -emss
580 3451 689 3500 maso:
708 3432 805 3498 huius
820 3430 1071 3513 antiquissimus
1086 3433 1182 3498 testis
1196 3436 1248 3498 est
1262 3432 1410 3514 Plautus,

233 3535 352 3601 Baoeh.
376 3533 459 3600 1205
480 3552 583 3616 vesper
603 3535 652 3599 dee
674 3534 754 3621 eat.¹)
798 3534 882 3600 Nam
905 3532 1049 3601 Ennium
1078 3535 1143 3600 huo
1164 3533 1289 3601 referre
1310 3552 1411 3607 ausus

233 3655 298 3705 nou
319 3655 400 3720 sum,
422 3638 463 3704 de
486 3655 548 3717 quo
563 3636 761 3704 Censorinus
784 3639 825 3703 de
846 3637 900 3704 die
914 3641 984 3703 nat
999 3637 1114 3705 XXIV
1128 3637 1149 3702 4
1165 3635 1261 3704 dicit:
1283 3635 1412 3709 Ennius

231 3759 391 3821 pauperem
420 3787 460 3803 ..
491 3740 644 3822 appellet·
678 3740 728 3807 ibi
760 3740 846 3807 enim
875 3742 917 3807 de
946 3740 1065 3808 nomin.
1093 3759 1235 3822 emman
1263 3740 1411 3822 cogitare

233 3842 341 3925 possis
380 3860 453 3908 aum
482 3842 632 3909 Vahleno
664 3843 773 3910 Ειιιι.ἱ
800 3842 864 3928 frg.
891 3843 955 3910 ina.
991 3843 1119 3910 XXXI.
1175 3843 1268 3909 Haec
1305 3841 1411 3911 forma

231 3963 424 4025 vesperes
444 3945 487 4012 ad
509 3944 707 4012 Graecorum
730 3944 867 4032 ἕσπερος
887 3945 1116 4029 redintegrata
1142 3949 1180 4012 ut
1202 3944 1335 4018 uidetur
1356 3943 1411 4011 hie

322 4114 342 4183 1)
360 4113 401 4169 Ne
417 4114 506 4170 ullum
523 4115 618 4170 hornm
630 4115 769 4170 nominum
782 4114 991 4184 desideraretur,
1015 4114 1152 4170 interdum
1171 4114 1254 4170 etiam
1272 4130 1305 4170 ea
1322 4129 1411 4170 exem·

234 4199 281 4268 pla
297 4205 378 4255 erant
394 4201 525 4269 ponenda,
544 4215 615 4269 quae
632 4201 666 4256 de
683 4199 839 4268 vespertino
856 4217 910 4256 non
934 4200 1065 4256 lumine
1089 4200 1135 4256 sed
1159 4205 1314 4269 tempore
1336 4199 1411 4254 dieta

233 4284 414 4353 reperiuntur.
