3292 4958
290 364 353 430 128
740 358 891 413 Guilelmus
909 357 1017 412 Gundel
1412 355 1468 444 [35

378 531 519 614 Canis,
541 531 656 612 isgen.
672 547 770 594 maso.
801 528 883 594 Inde
902 530 944 594 ab
961 530 1070 594 eodem
1087 526 1157 593 fere
1175 532 1323 609 tempore
1337 528 1469 610 legitur.

289 635 425 703 Occurit
448 633 534 700 enim
550 633 690 714 primum
712 632 800 713 apud
815 631 1011 714 Ciceronem,
1034 630 1091 710 qui
1113 630 1245 712 saepius
1263 631 1324 696 hoc
1339 631 1470 697 nomine

289 739 325 805 in
346 736 516 805 vertendis
537 735 638 800 Arati
652 733 883 815 phoenomenis
899 734 1015 815 utitur,
1037 738 1075 798 ut
1097 733 1235 816 signum,
1257 751 1322 798 non
1338 734 1470 799 stellam

288 841 437 924 appellet
451 838 544 924 (4622
564 837 707 918 ferrarias
720 837 772 901 tile
791 838 878 899 corcis
892 840 952 899 toto
968 856 1037 899 cam
1052 855 1176 916 corpore
1194 835 1288 916 cadit,
1304 835 1374 901 108.
1398 838 1469 902 123.

291 945 363 1010 126.
387 943 457 1008 138.
480 941 754 1022 1113113111).
798 939 942 1019 Cumque
964 957 1064 1020 supra
1087 938 1273 1020 dixerimus,
1296 939 1470 1002 coaicaiom

290 1044 564 1127 significationem
596 1043 715 1109 stellae
745 1061 818 1108 esse
847 1061 927 1109 vere
956 1041 1144 1122 Romanam,
1157 1040 1182 1124 1)
1210 1059 1298 1106 nuno
1328 1040 1470 1108 fortasse

289 1147 482 1214 concludere
502 1145 601 1211 liceat
623 1165 730 1208 cortem
751 1149 867 1225 postea
883 1143 1096 1210 adinventum
1120 1161 1200 1225 esse,
1223 1162 1287 1224 quo
1310 1145 1470 1211 vocabulo

291 1251 489 1317 Graecorum
512 1247 641 1330 siguum
657 1249 741 1310 κύων
763 1247 878 1312 melius
895 1246 1141 1328 exprimeretur.
1185 1246 1267 1311 Post
1283 1245 1472 1313 Ciceronem

290 1357 402 1419 antem
433 1350 530 1417 huius
560 1350 713 1416 vocabuli
750 1368 827 1416 usus
865 1350 965 1416 valde
1000 1347 1208 1430 percrebruit
1238 1352 1337 1429 atque
1370 1349 1471 1415 etiam

290 1454 395 1537 ipsius
432 1453 603 1519 caniculae
635 1453 753 1518 stellae
789 1453 893 1517 locum
930 1451 1114 1532 occupavit.
1173 1450 1267 1533 Quod
1300 1450 1472 1532 permultis

291 1556 490 1624 testimoniis
518 1557 685 1638 probatur,
715 1574 850 1637 quorum
880 1555 949 1620 sola
980 1553 1114 1619 afferam
1148 1553 1267 1620 Isidori
1296 1555 1402 1620 verba
1430 1555 1471 1620 de

290 1664 358 1726 nat.
381 1679 444 1724 rer.
467 1659 585 1724 XXVI
607 1660 664 1723 14:
697 1658 803 1722 Sirius
832 1658 920 1721 steila
948 1662 1008 1735 ast,
1039 1676 1133 1737 qoam
1161 1656 1251 1737 ocbpc
1280 1676 1387 1720 concor
1417 1676 1471 1737 op-

287 1762 445 1845 peiloat.²)
489 1762 607 1840 ltaque
630 1779 689 1840 per
712 1760 820 1826 omnia
849 1781 879 1841 p.
902 1760 976 1826 Chr.
999 1779 1029 1825 n.
1059 1759 1190 1824 saecula
1219 1758 1254 1825 in
1276 1759 1471 1824 Latinorum

290 1864 406 1946 lingua
420 1868 556 1944 praeter
571 1863 745 1926 candalum
762 1863 863 1927 etiam
878 1863 967 1926 cauis
985 1862 1208 1942 usurpabatur
1224 1867 1259 1927 et
1273 1880 1331 1942 pro
1348 1860 1472 1942 signo⁸l

291 1971 327 2032 et
348 1984 407 2046 pro
429 1965 537 2031 stella.
581 1964 680 2031 Cuius
696 1983 774 2030 usus
794 1964 941 2046 vestigia
962 1969 1193 2029 remanserunt
1216 1965 1250 2029 in
1272 1964 1388 2046 lingua
1404 1965 1472 2029 Ita·

291 2068 396 2134 lorum
418 2067 490 2151 (coa
512 2067 628 2147 celeste)
651 2071 685 2132 et
707 2066 940 2132 Lusitanorum
962 2072 1052 2145 (coac
1073 2066 1223 2152 statar)

377 2170 428 2235 De
461 2168 643 2249 veriloquio
676 2187 793 2235 vocum
830 2170 917 2232 coam
953 2175 986 2235 et
1016 2169 1176 2232 1111111111
1204 2187 1310 2251 pauca
1342 2173 1471 2235 tantum

291 2273 406 2356 babeo,
427 2291 512 2353 quae
535 2273 661 2338 addam.
700 2271 857 2337 Veterum
881 2271 938 2351 qui
959 2271 995 2337 id
1015 2271 1262 2354 quaesiverunt,
1290 2273 1470 2337 Varronem

292 2394 392 2442 uuum
404 2374 541 2458 nomino,
554 2375 611 2454 qui
625 2393 736 2443 vocem
749 2375 836 2439 11111
850 2380 938 2441 auta
954 2375 1063 2440 catulo
1075 2380 1134 2440 aut
1149 2393 1170 2440 a
1185 2376 1328 2440 canendo
1341 2373 1473 2440 derivat

290 2477 342 2562 (L.
365 2478 403 2543 L.
425 2478 455 2543 V
478 2476 702 2562 99,V1132),
725 2495 861 2558 quorum
883 2481 1036 2543 neutrum
1059 2476 1164 2542 doctis
1186 2476 1368 2542 recentiore
1391 2494 1473 2541 aevo

291 2579 504 2664 satisfaciu),
531 2599 615 2660 quae
651 2579 687 2644 hi
724 2579 931 2646 tentaverint
963 2578 1148 2661 conamina,
1183 2578 1370 2660 nuperrime
1400 2596 1473 2644 con·

292 2683 400 2764 gessit
422 2683 457 2747 A.
485 2681 629 2748 Walde
655 2681 862 2745 Lotec'acsches
882 2681 1124 2762 cipmoiopc'scbes
1148 2680 1349 2746 Wdrterbucb
1369 2700 1400 2761 p.
1422 2680 1473 2761 91,

293 2783 344 2850 ita
367 2789 403 2848 ut
424 2783 505 2849 mihi
528 2802 568 2848 ca
589 2788 742 2864 repetere
759 2802 839 2865 opus
861 2801 925 2849 nou
940 2783 1023 2868 sit.⁶)
1068 2782 1211 2864 Cumque
1229 2783 1381 2850 Waldius
1403 2782 1473 2864 ipse

383 2985 403 3053 ²)
421 2985 516 3053 Neque
534 2991 626 3039 tamen
644 2985 725 3040 nimis
742 2985 861 3040 tribuam
879 2986 1056 3054 posteriorum
1068 2987 1148 3055 notis,
1167 2986 1264 3054 quibus
1281 2987 1310 3042 id
1322 2986 1475 3042 confirmari

294 3070 429 3126 videatur.
465 3087 491 3126 v.
510 3088 531 3124 c.
550 3070 636 3124 Sohol.
655 3071 813 3127 scromiana
831 3076 859 3126 et
877 3071 1017 3142 Sangerm.
1035 3071 1065 3128 in
1082 3073 1171 3127 Germ.
1191 3073 1269 3128 Anat
1287 3089 1313 3141 p.
1333 3072 1428 3142 1sv,3.
1442 3072 1475 3126 15

295 3156 404 3224 Breve:
422 3155 523 3209 Latiari
535 3157 628 3210 catera
645 3156 725 3210 illam
743 3155 874 3226 (Sirium)
893 3157 1048 3212 curriculum
1062 3160 1167 3212 cocant.

385 3240 406 3309 ῃ)
423 3258 449 3295 1.
468 3241 588 3297 eiusdem
607 3241 682 3312 Orig.
694 3243 739 3297 III
752 3242 792 3312 70,
811 3243 852 3296 14.
869 3243 910 3297 15.

383 3327 403 3395 ·)
423 3328 474 3382 Ubi
489 3344 607 3396 procyon
619 3345 726 3397 qnoque
738 3329 891 3399 respicitur,
910 3329 944 3383 de
955 3329 1060 3383 duobus
1073 3329 1193 3397 canibus,
1212 3329 1312 3384 maiore
1324 3333 1353 3384 et
1364 3329 1474 3396 minore,

295 3412 402 3468 faciunt
426 3429 583 3468 sermonem.
619 3431 645 3469 v.
664 3430 686 3470 c.
710 3414 820 3471 Vitruv.
844 3415 878 3471 de
901 3415 973 3470 arch.
998 3415 1038 3468 IX
1055 3414 1079 3483 5,
1098 3415 1128 3483 23
1153 3414 1475 3484 Hygin.estrcn.1136

298 3516 324 3568 p.
344 3500 423 3568 7413,
442 3500 486 3554 ΙΠ
504 3500 539 3553 35
556 3516 581 3567 p.
600 3500 673 3554 9613.

383 3584 405 3653 ⁴)
424 3585 494 3652 Quin
513 3585 596 3640 etiam
615 3585 744 3640 Germani
761 3592 885 3641 veterum
903 3590 1065 3653 receperunt
1088 3584 1304 3653 appellationem,
1329 3584 1393 3637 dum
1416 3598 1475 3637 ver-

298 3675 364 3724 tunt
371 3669 558 3738 andsstcra,
572 3687 597 3724 1.
610 3671 855 3736 Harsddrlier,
874 3670 963 3723 Mota.
976 3687 1003 3723 a.
1012 3669 1113 3738 pbiloa
1126 3667 1433 3738 Erqoiclcuapostundcn
1446 3668 1475 3720 11

296 3772 360 3824 pag.
381 3755 439 3809 275.
475 3755 570 3822 Neque
587 3756 701 3810 deerant
723 3761 868 3823 nostrates,
891 3755 938 3822 qui
956 3771 1125 3824 paganorum
1143 3771 1241 3810 nomen
1258 3753 1338 3808 rebus
1356 3752 1476 3807 Iudaicis

299 3857 396 3896 ornare
408 3841 518 3908 vellent,
531 3841 681 3895 reserentes
691 3857 723 3895 11
732 3842 767 3895 ad
776 3841 844 3894 illud
853 3841 968 3895 Davidis
978 3841 1066 3909 (Stra
1074 3858 1091 3895 n
1099 3842 1137 3895 ch
1152 3839 1333 3911 Astropacsic
1340 3855 1404 3909 pag.
1414 3837 1475 3906 125)

297 3926 341 3981 111
354 3926 456 3980 Tobiae
468 3927 631 3994 (Strauch
648 3926 695 3995 ib.)
719 3927 763 3980 vel
780 3925 915 3981 Jezabelis
934 3925 1136 3995 (Schiclrard
1161 3924 1366 3995 Aotrosoopium
1385 3941 1410 3993 p.
1428 3924 1476 3991 98;

296 4011 494 4065 Harssdbrf
499 4011 532 4080 fe
538 4026 552 4064 r
569 4012 587 4064 l.
606 4011 623 4066 l.
641 4027 667 4078 p.
686 4011 746 4080 278)
764 4016 793 4065 et
810 4011 952 4065 historiam
970 4017 999 4066 et
1019 4011 1237 4080 appellationem.

386 4097 407 4162 ὓ)
426 4097 504 4151 Unus
516 4097 564 4164 qui
576 4112 636 4151 oum
648 4097 771 4151 Varrone
783 4113 800 4150 a
812 4097 930 4152 canendo
949 4102 1058 4164 etymon
1071 4097 1151 4152 duxit
1170 4097 1352 4152 Crecelius
1371 4096 1478 4155 (Hdlers

297 4180 463 4248 Zeitscdm‘ft
480 4182 524 4234 ΙΠ
541 4181 602 4250 343)
621 4181 793 4249 vituperatur
812 4182 964 4237 aPottio
982 4182 1103 4251 Etpmol.
1120 4181 1234 4236 Foracb.
1252 4182 1292 4237 IV
1309 4198 1336 4250 p.
1347 4181 1398 4234 847
1417 4181 1478 4234 adn.

386 4265 407 4334 θ)
425 4266 478 4332 Qui
487 4270 579 4321 tamon
589 4283 642 4321 non
649 4267 1385 4336 commemoratGildemeisteriopinionem,latera
1392 4266 1422 4320 in
1430 4265 1479 4319 illa

297 4366 363 4407 voce
381 4351 499 4407 radicem
518 4352 694 4408 sanseriteam
713 4368 753 4420 11,
772 4354 816 4407 cui
833 4353 876 4408 vis
895 4354 932 4407 sit
950 4352 1115 4422 splendendi,
1139 4353 1179 4407 ita
1203 4358 1236 4407 ut
1253 4352 1328 4407 canis
1351 4368 1413 4408 enm
1432 4351 1480 4419 qui
