3278 4964
197 249 252 335 51]
419 251 459 303 De
477 249 618 304 stellarum
637 249 819 319 appellatione
837 255 865 304 et
882 250 1014 319 religione
1032 251 1155 307 Romana
1312 256 1374 320 143

196 419 291 486 testis
315 424 365 485 est
380 419 527 484 Isidorus
543 421 582 484 de
598 424 666 485 nat.
686 439 749 484 rer.
763 419 879 484 XXVI
895 419 930 486 ῦς
953 420 1065 484 Bootes
1086 423 1173 485 stella
1194 428 1237 486 eat
1252 475 1259 488 .
1275 475 1282 488 .
1298 476 1304 488 .
1320 427 1374 505 qia

194 525 286 586 etium
301 523 338 585 ob
353 522 492 602 antiquis
503 521 699 603 arctophylax
715 521 830 585 aarum
843 523 905 584 siue
920 524 1022 586 miaor
1036 528 1145 607 oratos,
1164 525 1247 589 uado
1263 532 1290 588 ei
1305 530 1373 607 qai-

194 625 268 689 dom
290 645 357 687 eom
372 625 604 704 septentrionem
619 623 774 687 dixerunt.
820 624 976 690 Videmus
992 644 1070 708 ergo
1086 646 1127 692 ne
1142 629 1227 692 hane
1243 628 1372 708 quidem

194 727 445 809 appellationem
469 746 489 791 a
507 726 662 791 Romanis
682 726 764 792 satis
781 727 872 792 firme
887 746 960 792 esse
975 732 1149 809 receptam.
1194 731 1372 811 Tamquam

195 833 323 895 doctam
339 849 450 895 vocem
465 829 561 894 hodie
573 829 696 894 habent
708 829 788 894 Itali
802 828 908 912 Boote,
931 830 1075 912 Hispani
1093 831 1210 914 Bootes,
1229 833 1372 900 Franoo·

194 933 273 1015 galli
282 932 839 1014 autempraeterBootispopularem
847 933 971 997 habent
980 916 1234 1013 appellationem
1242 935 1371 1002 bouvier.

278 1036 351 1100 Hae
382 1053 461 1101 voce
491 1037 532 1099 ad
562 1033 785 1114 quaestionem
815 1037 856 1100 de
886 1035 1026 1100 nominis
1053 1039 1183 1121 Βοώτης
1194 1037 1218 1122 1)
1245 1038 1372 1122 origine

194 1137 404 1204 traducimur.
448 1139 598 1219 Apparet
628 1155 699 1202 eam
729 1157 750 1202 a
777 1136 880 1218 stirpe
902 1140 956 1220 βο·
977 1138 1066 1205 vocis
1089 1141 1168 1221 βοῦς
1198 1139 1371 1208 formatam

194 1259 264 1306 asse
280 1243 391 1306 eodem
414 1242 505 1305 modo
528 1258 590 1319 quo
606 1237 773 1325 ὄημ-ώτης,
796 1236 945 1325 ido-dape,
968 1239 1158 1326 Ἰταλι-ώτης
1173 1243 1248 1308 alia.
1279 1244 1371 1326 Qu⁰d

192 1342 221 1408 si
244 1362 357 1410 verum
380 1348 439 1425 est,
463 1341 628 1424 signifieat
651 1361 732 1424 111111,
762 1341 817 1422 qui
846 1342 935 1407 inter
957 1344 1057 1409 boves
1080 1343 1183 1409 vitam
1206 1345 1306 1428 degIt,
1334 1351 1372 1411 ut

194 1442 210 1508 ὁ
226 1443 400 1529 Ἰταλιώτης
414 1445 448 1509 iu
464 1444 574 1527 Italia,
593 1441 609 1508 ὁ
626 1442 789 1529 δεσμώτης
803 1445 837 1508 iu
853 1443 994 1511 vinculis
1009 1444 1103 1513 vivit.
1132 1447 1204 1511 Hoe
1219 1434 1371 1528 apertum

193 1556 227 1614 et
241 1549 375 1629 planum
391 1547 606 1628 veriloquium
630 1546 776 1626 antiquis
800 1546 965 1628 cognitum
988 1546 1088 1613 fuisse
1108 1567 1148 1613 ex
1168 1567 1205 1614 eo
1223 1556 1370 1633 apparet,

193 1653 278 1730 quod
308 1655 342 1716 et
369 1652 470 1717 verbo
501 1653 633 1732 βοωτεῖν
667 1650 757 1732 (Hes.
782 1669 831 1730 op.
854 1649 930 1734 391)
960 1655 994 1714 et
1015 1652 1138 1731 βοωτία
1168 1651 1269 1735 (Suid.
1292 1672 1316 1717 s.
1339 1673 1369 1720 v.

191 1754 352 1838 βοωτίαις)
369 1752 584 1836 utebantnrfl)
622 1752 685 1817 Est
700 1752 805 1834 igitur
823 1753 991 1835 bubulcus
1015 1753 1070 1834 qni
1085 1753 1159 1818 ideo
1175 1755 1369 1839 appellatur,

192 1858 277 1936 quod
299 1875 401 1936 prope
430 1874 583 1937 magnum
606 1854 689 1919 illud
708 1854 874 1935 reperitur
896 1855 1034 1937 signum,
1067 1859 1152 1936 quod
1174 1875 1238 1922 non
1267 1859 1370 1922 solum

192 1958 306 2044 ἄρκτον
328 1959 381 2026 vel
404 1977 514 2023 ursam
537 1960 594 2023 sed
621 1957 721 2023 etiam
744 1955 871 2037 ἅμαξαν
892 1959 946 2024 vel
968 1959 1152 2039 plaustrum
1175 1959 1368 2044 dixerunt.⁸)

190 2063 301 2142 thue
324 2080 365 2126 ex
380 2080 475 2126 ursae
491 2061 713 2142 appellatione
728 2079 826 2126 ursae
843 2065 960 2143 eustos,
984 2060 1031 2125 sie
1047 2079 1088 2126 ex
1104 2062 1260 2143 plaustro,
1283 2051 1370 2142 quod

190 2163 336 2230 inhabile
352 2163 505 2228 curriculi
527 2182 630 2245 genus
647 2162 852 2229 tardissimae
867 2162 1018 2228 motionis
1039 2181 1103 2228 nun
1122 2164 1162 2228 ab
1186 2164 1288 2246 equis,
1310 2167 1369 2229 sed

190 2269 339 2333 abubns
372 2266 534 2348 trahitur,
564 2266 724 2332 bubulous
754 2264 863 2330 faetus
895 2269 960 2347 est,
996 2264 1052 2344 qui
1090 2265 1192 2345 ipsius
1224 2266 1369 2346 plaustri

189 2370 335 2436 iumenta
356 2368 481 2451 dirigit.
524 2367 720 2433 Rectissime
750 2368 925 2432 Vossius
956 2369 999 2431 ad
1027 2367 1125 2432 Arati
1154 2386 1217 2433 vss.
1240 2369 1368 2433 91-95

190 2475 343 2539 adnotat:
366 2471 437 2535 Dus
460 2475 587 2553 predere
608 2469 822 2552 Drehpestma,
845 2472 893 2534 uls
914 2469 1022 2533 Barea
1043 2469 1369 2552 9111111111111111111

188 2575 253 2640 siah
274 2575 334 2638 dea
356 2574 556 2638 Biireabiiter
577 2574 771 2656 Arctofplaa,
794 2574 842 2637 als
868 2572 987 2653 Woyea
1008 2591 1060 2635 eor
1081 2571 1147 2635 siole
1169 2572 1229 2635 dea
1244 2571 1367 2637 Bootes.

190 2679 308 2758 Itaque
330 2677 521 2742 Latinorum
545 2682 661 2758 poetae
691 2695 764 2741 earn
790 2675 933 2756 plaustri
956 2675 1063 2740 bubus
1091 2674 1297 2742 minitantem
1319 2675 1368 2741 in·

190 2782 322 2862 duount,
345 2780 436 2847 velut
458 2780 546 2844 Man.
569 2780 586 2844 Ι
609 2780 742 2859 alasa:

907 2881 1116 2947 ...Bootes

344 2986 428 3065 quod
450 2983 594 3068 similis4)
617 2983 737 3050 innotis
757 2984 864 3048 instat
887 2985 1035 3049 demere
1057 2983 1215 3049 iuvencis.

273 3121 368 3186 Solus
380 3139 437 3202 per
449 3139 484 3186 se
495 3125 564 3185 stat
575 3119 762 3184 Martianus
775 3119 917 3201 Capella,
929 3119 985 3198 qui
996 3118 1081 3183 VIII
1090 3119 1153 3183 808
1165 3117 1321 3183 maiorem
1333 3122 1367 3184 et

188 3225 343 3289 minorem
358 3242 468 3288 ursam
486 3227 636 3288 veterum
654 3221 847 3287 Latinorum
869 3221 970 3286 oeulis
992 3220 1125 3286 intuens
1147 3239 1205 3301 pro
1220 3219 1366 3302 septenis

188 3328 295 3394 bubus
317 3325 442 3408 babuit,
466 3326 583 3406 quibus
605 3324 732 3390 Booten
754 3329 920 3404 pastorem
944 3322 1110 3387 adiunxit:

294 3447 314 3512 5
336 3444 429 3511 illino
451 3443 503 3510 bis
526 3448 652 3524 septem
674 3443 790 3509 solitus
812 3461 949 3508 servare
972 3441 1109 3506 Triones

339 3552 454 3631 pastor
476 3548 693 3630 Hyperborea
714 3545 903 3628 resplendet
925 3545 999 3611 luoe
1021 3541 1178 3628 Bootes.⁶)

275 3719 294 3786 ¹)
313 3719 392 3772 Unde
415 3734 513 3773 nornen
537 3717 591 3772 viri
614 3717 752 3787 proprium
775 3717 889 3780 Βοώτηε
913 3716 1051 3785 (Hippoer.
1075 3732 1101 3783 p.
1119 3711 1212 3780 9841))
1239 3710 1369 3767 edideris

186 3803 369 3873 appellatione
387 3805 505 3872 pendeat
522 3818 614 3871 neone,
632 3803 707 3858 haud
725 3803 787 3857 selo.

274 3888 295 3958 ²)
312 3890 411 3956 Itaque
436 3888 617 3944 necessarium
641 3904 695 3943 non
719 3894 761 3943 est
785 3885 956 3956 acquiescere
979 3887 1008 3941 in
1026 3882 1145 3940 Vossii
1169 3881 1369 3950 explanatione,

186 3974 233 4041 qui
251 3974 285 4029 ed
303 3976 369 4041 βοῦς
387 3980 415 4029 11
433 3971 518 4024 uidem
534 3973 699 4042 refugiebat.

274 4059 294 4128 ³)
312 4061 353 4114 De
371 4075 423 4127 quo
441 4060 504 4114 vide
520 4059 594 4114 inira
612 4075 634 4112 o.
652 4059 682 4112 H
699 4059 715 4125 ξ
735 4059 758 4112 1.
914 4057 936 4126 ⁴)
954 4054 1076 4110 obitualis
1093 4054 1218 4120 Bentley.

271 4143 292 4209 ⁶)
311 4145 500 4200 Coniecturam
518 4145 682 4200 Graecorum
699 4144 749 4194 τὸν
760 4141 871 4210 eodm
889 4148 919 4198 11
929 4141 1018 4211 ipsum
1032 4139 1160 4209 primitus
1178 4138 1258 4194 boum
1276 4144 1365 4194 111111-

186 4228 245 4284 dem
265 4229 350 4285 inisse
367 4230 439 4285 inire
457 4229 610 4286 accuratius
628 4228 776 4298 castigabo.
796 4225 799 4232 '
1159 4310 1208 4363 w
