3292 4958
99 367 101 370 ,
166 388 241 476 139]
389 389 430 443 De
448 389 590 443 stellarum
608 387 790 457 appellatione
808 392 837 442 et
853 386 986 455 religione
1004 386 1126 440 Romana
1282 389 1345 454 231

166 560 248 627 dicit
270 561 395 627 Seneca
417 560 532 626 stellas
555 567 746 624 troasocrscs
767 560 822 626 vel
842 566 1090 624 transcurrentes
1111 559 1198 645 (Nat.
1220 565 1345 640 quaest.

164 664 232 730 VH
247 665 298 746 23,
314 665 334 729 2
347 663 415 748 sp).
439 663 535 744 Apud
554 669 668 745 poetas
684 663 798 728 inveni
808 662 911 726 sideru
925 662 1065 726 codeutrb
1081 662 1217 747 (Lucan.
1228 663 1259 727 V
1270 663 1346 748 562)

165 772 201 833 et
229 765 328 848 refice
356 767 468 851 (Verg.
497 767 579 831 Aen.
609 767 639 832 V
668 767 741 848 528,
769 765 847 832 Hor.
877 767 969 847 epod.
997 765 1099 831 XVII
1121 765 1157 846 53
1187 785 1218 831 v.
1246 784 1346 847 supra

164 888 238 952 peg.
264 870 326 935 136
349 871 424 934 adn.
442 870 481 954 7)
506 874 563 933 aut
584 868 720 932 colentia
746 868 857 952 (Verg.
879 869 961 934 Aen.
983 867 1014 933 V
1035 867 1127 952 528);
1156 869 1242 933 stello
1265 868 1346 932 coelo

164 972 295 1053 delapso
317 971 390 1038 Seu.
413 972 534 1037 Phoen.
556 973 629 1037 431.

252 1074 339 1157 Quid
368 1077 450 1139 haec
480 1074 544 1140 sibi
575 1073 680 1139 velint
710 1073 875 1139 attributa
909 1073 1013 1154 primo
1047 1074 1164 1139 obtutu
1198 1079 1346 1156 apparet.

166 1179 269 1245 Astra
289 1181 427 1258 repente
449 1196 470 1242 a
492 1178 569 1243 sede
587 1177 706 1242 avulsa
727 1195 787 1257 per
809 1175 894 1242 caeli
917 1180 1045 1258 partem
1068 1176 1150 1243 ferri
1173 1181 1208 1243 et
1229 1177 1347 1244 deinde

165 1280 201 1347 in
222 1285 354 1363 terram,
374 1279 431 1346 ubi
453 1280 695 1362 extinguuntur
716 1279 802 1365 (Seu.
817 1280 893 1345 Nat.
913 1285 1038 1360 quaest.
1055 1280 1073 1344 I
1089 1282 1116 1363 1,
1132 1280 1174 1365 9),
1197 1280 1348 1346 decidere

165 1383 284 1466 vulgus
307 1382 513 1464 opinabatur.
557 1381 611 1448 Sic
632 1383 699 1447 iam
721 1381 898 1448 Lucretius
921 1381 1006 1447 dixit
1028 1383 1063 1447 H
1086 1382 1164 1448 209:

319 1521 383 1568 non
406 1505 523 1568 cadere
546 1501 580 1567 in
602 1505 728 1568 terram
750 1502 864 1568 stellas
887 1507 923 1568 et
945 1502 1055 1570 sidera
1076 1502 1208 1568 cernis?

251 1641 374 1705 Rerum
390 1640 566 1720 scriptores
584 1640 757 1705 stellarum
775 1659 886 1706 casum
901 1639 1031 1722 saepius
1048 1641 1253 1706 describunt:
1270 1640 1348 1707 vide

165 1748 300 1826 praeter
322 1743 409 1809 locos
431 1742 520 1808 infra
542 1741 660 1809 citatos
682 1742 767 1808 Plin.
790 1743 866 1809 Nat.
886 1742 962 1809 hist.
979 1742 1133 1810 XXVIII
1152 1744 1209 1823 493
1231 1743 1347 1809 Isidor.

167 1848 208 1912 de
230 1851 298 1911 nat.
321 1864 384 1911 rer.
407 1845 514 1909 XXV.
559 1845 605 1910 Et
626 1845 734 1926 poetis
763 1845 845 1911 haec
867 1845 1041 1929 magnifica
1062 1846 1215 1912 caelestis
1245 1864 1347 1927 appa-

165 1947 243 2015 ritio
265 1947 300 2013 in
324 1948 450 2013 deliciis
474 1954 533 2031 est,
557 1967 587 2014 v.
610 1949 708 2031 Verg.
732 1949 849 2031 Georg.
872 1949 985 2030 1365;
1006 1948 1100 2014 Ovid.
1123 1949 1348 2031 Met.11321;

166 2051 291 2118 Lucan.
317 2051 348 2116 V
369 2051 449 2132 5623
479 2051 551 2116 Sen.
573 2050 695 2116 Phoen.
718 2052 790 2117 430.
833 2052 921 2118 Raro
951 2057 1079 2117 tantum
1110 2053 1217 2117 altera
1239 2051 1348 2134 opinio

166 2153 316 2237 occurrit,
339 2172 422 2234 quae
437 2154 553 2218 stellas
575 2172 639 2219 non
662 2154 835 2219 interram
858 2153 1017 2235 decidere,
1039 2153 1147 2220 sedin
1170 2155 1241 2235 ipso
1259 2156 1349 2221 caelo

166 2259 277 2323 sedem
298 2255 464 2341 mutare1)
495 2255 585 2321 dicat
616 2258 728 2340 (Verg.
751 2258 833 2322 Aen.
862 2257 898 2322 Π
920 2259 992 2338 696,
1015 2256 1088 2322 Ser.
1118 2258 1192 2322 Nat.
1223 2263 1349 2338 quaest.

167 2359 237 2443 11,
257 2360 285 2442 8,
307 2360 374 2425 VH
396 2359 460 2442 23).

254 2461 317 2527 Sed
333 2460 433 2527 etiam
449 2480 581 2526 causam
597 2480 655 2526 our
670 2461 786 2526 stellae
802 2464 966 2542 caderent,
989 2467 1119 2527 veteres
1135 2462 1348 2541 quaerebant.

168 2564 228 2631 Oui
247 2565 433 2646 quaestioni
448 2563 542 2631 vario
558 2567 650 2629 modo
666 2566 913 2645 responderunt.
958 2565 1179 2646 simpliciores
1195 2565 1349 2630 dicebant

168 2674 268 2735 vento
290 2667 389 2734 nimio
412 2669 482 2734 loeo
505 2668 629 2733 moveri
655 2667 749 2748 ignes
772 2667 939 2732 caelestes,
984 2668 1055 2733 Hoc
1077 2668 1251 2748 usrrrpavit
1265 2667 1346 2733 Ver-

168 2770 269 2852 gilius
292 2771 410 2853 Georg.
434 2772 451 2836 Ι
474 2771 552 2836 366:

323 2926 421 2988 saepe
442 2908 545 2974 etiam
568 2908 682 2973 stellas
705 2912 803 2974 vento
826 2907 1034 2989 impendente
1057 2908 1187 2975 videbis

323 3011 521 3091 praecipites
544 3010 636 3075 caelo
659 3011 735 3094 labi,
757 3011 926 3092 noctisque
949 3029 1008 3092 per
1030 3012 1178 3076 umbram

322 3112 523 3179 flammarum
544 3115 659 3196 longos
681 3133 701 3178 a
723 3119 817 3197 tergo
840 3115 1007 3179 albescere
1029 3114 1195 3198 tractore)

171 3247 298 3332 Quibus
320 3250 496 3317 adnotavit
518 3251 668 3317 Servius:
698 3251 780 3334 quod
809 3257 911 3314 certem
941 3251 1076 3315 videmus
1098 3273 1113 3315 c
1134 3252 1216 3315 coelo
1244 3251 1351 3316 sullus

171 3352 264 3435 quusi
285 3351 355 3435 tuot,
377 3350 553 3436 ἀπόρροιαι
574 3359 649 3416 sunt
677 3354 759 3433 ipris
787 3352 923 3435 odberti,
946 3373 1023 3436 quoe
1048 3353 1139 3438 ficcrrt,
1169 3373 1238 3416 cum
1268 3353 1350 3418 oche-

260 3520 280 3591 1)
297 3522 388 3577 iocose
397 3522 592 3591 Aristophanes
602 3523 680 3578 Pacis
690 3523 840 3578 comoediae
848 3523 994 3592 aeream.
1005 3525 1099 3579 stellas
1108 3525 1234 3579 cadentes
1243 3523 1349 3580 animas

171 3621 320 3676 pauperum
338 3623 397 3662 esse
415 3608 608 3678 affirmaverat,
627 3625 696 3677 quae
708 3609 860 3665 titubantes
879 3627 974 3665 acena
991 3610 1190 3678 opulentiorum
1208 3611 1349 3666 stellarum

171 3691 281 3748 domum
301 3692 428 3748 redirent.

162 3828 165 3833 .
258 3776 279 3846 ¹)
297 3779 367 3834 Vide
385 3779 468 3834 etiam
487 3779 588 3834 Lucan.
600 3781 695 3836 Phara.
711 3782 736 3835 V
752 3781 881 3849 stoma:

377 3865 452 3919 Haec
468 3865 543 3919 fatur
561 3866 722 3934 solvensque
740 3873 828 3921 ratem
846 3868 895 3920 dat
912 3867 1025 3921 carbasa
1042 3866 1140 3934 ventis,

378 3951 413 4004 ad
432 3967 545 4019 quorum
564 3956 653 4006 motus
671 3969 724 4006 non
742 3953 828 4006 solum
847 3953 924 4021 lapsa
943 3967 990 4020 per
1008 3952 1095 4008 altum

377 4052 442 4091 aera
460 4037 593 4104 dispersos
611 4044 720 4093 traxere
737 4037 862 4092 cadentia
880 4038 968 4092 sulcos

378 4122 475 4191 sidera,
493 4123 541 4176 sed
558 4123 670 4178 summis
689 4122 771 4177 etiam
790 4139 859 4190 quae
877 4123 933 4177 fixa
949 4129 1080 4179 tenentur

378 4213 455 4261 astra
472 4207 549 4277 polis,
568 4215 634 4264 sunt
650 4209 711 4263 visa
728 4209 813 4276 quati.

172 4287 212 4345 Et
227 4290 349 4347 conteras
365 4292 426 4347 Son.
438 4293 554 4350 Phaedr.
567 4293 618 4348 739
635 4295 714 4348 calb
731 4310 793 4348 cam
809 4293 898 4347 coatia
909 4292 1015 4362 upitoto
1031 4293 1123 4362 loapos
1130 4293 1253 4364 por-cipit
1262 4293 1338 4365 macr

173 4377 254 4433 schol.
273 4379 308 4433 ad
325 4379 407 4434 Arati
424 4379 526 4436 Phaon.
545 4396 571 4436 r.
589 4381 647 4449 927,
667 4381 777 4434 Maaas
795 4380 873 4434 Arat.
891 4384 1033 4434 comment.
1051 4380 1098 4433 rel.
1116 4394 1179 4448 pag.
1197 4379 1257 4434 513.
