3292 4958
737 387 888 443 Guilelmus
906 385 1013 441 Gundel
1392 382 1469 470 [134

441 577 524 641 quas
545 563 660 640 portas
681 557 764 624 velit
785 557 857 639 ipse
879 557 982 641 sequi,
1005 556 1123 637 quibus
1145 573 1219 622 esse
1241 554 1364 620 sodalis

442 660 598 744 dignetur
619 660 727 727 stellis
750 665 809 725 aut
831 678 896 758 qua
917 658 1053 743 regione
1077 656 1205 724 morari.

286 764 346 831 Fit
368 764 486 831 deinde
507 764 607 830 stella
628 762 836 844 imperatoris
860 761 971 828 anima
1002 766 1035 828 et
1056 760 1131 826 fata
1153 759 1303 826 stellaria
1324 757 1470 840 patitur:

440 889 475 951 te
497 888 575 950 tuus
597 880 747 950 Oceanus
768 882 876 948 natali
899 881 1033 964 gurgite
1055 881 1178 947 lassum

441 984 564 1068 excipit
586 990 621 1052 et
642 985 730 1052 notis
752 983 919 1066 Hispania
941 983 1064 1066 proluit
1085 982 1220 1067 undis.1)

373 1122 439 1189 Sed
474 1122 614 1188 extabat
642 1125 777 1203 praeter
805 1124 892 1188 hanc
929 1121 996 1187 alia
1027 1119 1235 1202 superstitio,
1266 1137 1350 1200 quae
1380 1119 1473 1185 inter

286 1225 449 1291 Romanos
469 1224 638 1307 popularis
660 1223 764 1291 fuisse
786 1224 925 1293 videtur.
969 1223 1083 1290 Stellis
1105 1222 1191 1288 enim
1213 1240 1234 1287 a
1256 1222 1319 1288 diis
1341 1221 1470 1287 immor·

286 1327 411 1394 talibus
422 1329 536 1394 datum
547 1345 627 1410 esse,
643 1331 681 1392 ut
696 1328 810 1393 futura
824 1326 1010 1394 hominibus
1022 1325 1306 1407 praenuntiarent,
1321 1343 1395 1406 pag.
1408 1324 1472 1389 123

286 1429 439 1498 vidimus.
483 1428 578 1512 Quod
607 1430 637 1496 si
659 1429 778 1496 sideris
801 1429 938 1496 alicuius
962 1427 1073 1495 subita
1105 1427 1313 1510 apparitione
1343 1426 1471 1492 indica·

286 1534 388 1599 batur
402 1531 541 1598 hominis
557 1530 697 1599 alicuius
719 1532 831 1598 eximii
846 1537 956 1615 natus
973 1550 1052 1598 casu
1072 1548 1150 1597 vero
1165 1529 1304 1596 hominis
1327 1547 1472 1612 occasus,

285 1635 386 1702 facile
407 1636 556 1702 rudiores
578 1634 680 1701 animi
703 1637 960 1718 adducebantur,
982 1638 1020 1700 ut
1039 1632 1168 1700 omnino
1191 1651 1347 1699 arcanum
1370 1650 1472 1713 quen-

286 1739 361 1805 dam
382 1756 503 1804 nexum
524 1738 613 1804 inter
635 1738 754 1805 stellae
776 1738 884 1804 lumen
909 1742 944 1803 et
965 1737 1105 1802 hominis
1135 1735 1242 1803 vitam
1262 1735 1472 1802 intercedere

286 1845 481 1924 statuerent,
493 1859 612 1906 nexum
624 1841 722 1922 plane
734 1841 874 1907 similem
887 1840 965 1923 eius
981 1857 1076 1920 quem
1088 1837 1177 1905 inter
1188 1837 1350 1920 Meleagri
1365 1837 1471 1906 vitam

286 1946 322 2010 et
352 1948 505 2008 truncum
535 1942 673 2008 fatalem
704 1947 898 2009 struxerant
934 1942 1036 2022 prisci
1066 1941 1194 2008 Graeci.
1245 1941 1351 2023 Quam
1381 1939 1470 2022 cogi-

286 2044 445 2111 tationem
467 2046 602 2110 cunrad
625 2049 806 2109 extremum
828 2044 995 2126 persecuti
1018 2049 1137 2127 essent,
1161 2042 1380 2125 crediderunt
1396 2062 1470 2109 oum

286 2151 480 2213 nasceretur
501 2146 595 2212 homo
615 2146 763 2229 quilibet,
786 2146 906 2212 exoriri
925 2147 1066 2212 incaelo
1086 2164 1203 2213 novam
1226 2146 1365 2228 stellam,
1386 2164 1471 2227 quae

286 2249 423 2333 luceret,
446 2251 522 2314 dum
544 2249 678 2317 viveret
707 2248 772 2332 ille,
802 2268 887 2329 quae
919 2268 996 2316 vero
1027 2250 1286 2332 extingueretur,
1317 2267 1389 2313 cum
1418 2247 1470 2314 illi

288 2357 376 2420 esset
397 2352 610 2418 moriendum.
654 2351 754 2418 Ouius
777 2351 1024 2433 superstitionis
1053 2370 1149 2432 quam
1171 2351 1345 2433 impugnat
1367 2349 1470 2416 diser-

288 2455 436 2522 tissimus
458 2455 571 2522 ·testis
602 2459 654 2521 est
683 2454 813 2522 Plinius
849 2455 925 2521 Nat.
954 2454 1031 2520 hist.
1061 2454 1097 2519 ΙΙ
1118 2456 1160 2520 28
1168 2472 1231 2534 sq.:
1260 2452 1363 2516 sidero
1393 2473 1473 2536 puae

288 2556 397 2639 adfixo
416 2557 557 2621 rimamus
587 2557 712 2641 marulo,
742 2577 806 2622 aaa
834 2558 908 2642 lla,
937 2562 972 2621 ut
996 2557 1151 2620 eastimet
1178 2556 1304 2638 culpas,
1335 2555 1473 2636 siugulis

288 2659 438 2724 ottrsduto
473 2659 562 2724 uobis
591 2666 620 2723 et
651 2660 738 2724 claro
768 2660 930 2743 dilatione,
960 2661 1082 2723 minora
1104 2657 1314 2742 pauperibus,
1344 2657 1473 2722 obscura

376 2829 398 2897 ¹)
417 2828 586 2883 Describitur
603 2828 701 2883 deinde
719 2833 795 2883 ortus
820 2835 849 2884 et
866 2844 961 2883 cursus
979 2833 1127 2884 nocturnus
1146 2828 1210 2884 novi
1228 2828 1332 2884 sideris.
1367 2827 1473 2883 Similia

289 2914 363 2982 apud
381 2912 561 2967 Claudianum
578 2913 693 2967 redeunt
711 2929 792 2967 carm.
805 2913 875 2969 VIH
888 2913 938 2967 184
946 2929 1011 2983 sqq„
1030 2930 1082 2981 quo
1100 2914 1157 2969 loco
1175 2915 1257 2969 stella
1274 2913 1369 2983 hospes
1386 2912 1473 2968 alicui

291 2996 421 3066 temporis
438 3002 602 3051 memoratur
620 3002 703 3066 atque
721 2999 754 3053 de
770 2999 800 3054 ri
817 3008 846 3053 et
863 3003 964 3054 natura
981 3000 1091 3054 audacis
1115 3000 1212 3054 sideris
1230 2999 1373 3068 disputans
1391 3004 1473 3067 poeta

291 3084 320 3139 in
329 3082 442 3137 dubium
451 3088 542 3139 vocat:
555 3082 612 3137 aive
619 3099 723 3152 paream
732 3085 859 3154 Aspasia
867 3084 933 3153 fait,
943 3100 991 3138 aaa
1000 3084 1075 3152 forte
1083 3085 1189 3139 reluoeit
1203 3086 1207 3154 Ι
1223 3084 1280 3140 divi
1288 3083 1366 3139 adua
1374 3083 1428 3138 asi.
1437 3115 1472 3124 -

290 3169 392 3225 Iiadem
398 3167 536 3224 sententie
543 3169 588 3224 hio
596 3169 652 3225 illic
661 3170 790 3239 apparuit
798 3185 846 3239 per
855 3171 945 3226 omnia
953 3171 1062 3225 saecula
1071 3186 1157 3238 usque
1167 3171 1258 3226 adhoc
1266 3177 1383 3239 tempus.
1401 3170 1472 3225 liar-

290 3261 385 3323 tyrnm
401 3253 656 3311 transformationes
679 3256 823 3326 neglegam
841 3272 876 3312 na
893 3257 992 3326 longus
1011 3257 1070 3312 sim.
1106 3257 1197 3312 Unum
1218 3257 1371 3325 exemplum
1388 3256 1472 3311 huius

290 3340 376 3408 ipsius
386 3339 486 3395 aetatis
496 3340 593 3396 afferre
600 3340 676 3411 libet,
686 3356 738 3409 quo
745 3346 876 3410 appareat
885 3341 1258 3410 omnibustemporibushanc
1265 3340 1471 3409 exsimplicibus

292 3426 389 3481 animis
401 3426 492 3480 enasci
504 3425 707 3496 cogitationem.
732 3426 849 3497 Legitur
860 3428 888 3482 in
901 3428 969 3483 actis
982 3427 1086 3482 diurnis
1097 3427 1273 3482 (dissensibus
1282 3427 1324 3481 30.
1336 3427 1392 3481 VH
1403 3426 1473 3480 1903

291 3511 348 3580 (Nr.
366 3511 425 3581 176,
443 3511 488 3566 iol.
501 3511 525 3581 Ι)
536 3512 604 3567 haec
614 3512 736 3567 narratio
754 3514 787 3567 de
798 3512 952 3568 ascensione
964 3519 993 3568 et
1004 3511 1243 3568 mansformatione
1261 3513 1368 3568 animae
1380 3512 1472 3580 Papae

291 3596 390 3653 Leonis
415 3597 501 3652 XIII=
531 3596 596 3652 Wcr
618 3596 706 3652 timeor
732 3598 804 3668 Toga
827 3596 913 3651 durch
936 3597 980 3652 dic
1003 3597 1122 3664 Strollea
1146 3597 1297 3653 Maaabma
1326 3596 1471 3667 waadcrtc,

292 3682 341 3738 der
357 3682 457 3737 kanuto
480 3682 531 3737 dos
553 3682 758 3738 wuaderbarstc
781 3683 849 3738 aliar
867 3683 1042 3754 Sodoaapielc
1065 3683 1145 3739 achsa
1167 3683 1226 3738 aad
1243 3683 1359 3738 anicien
1377 3725 1383 3738 .
1403 3727 1409 3740 .
1428 3681 1473 3737 dic

292 3767 513 3836 „Himuultolsrt
524 3767 572 3822 dar
590 3767 663 3823 Scala
674 3768 762 3839 Pcpat
774 3769 845 3824 Laos
856 3769 961 3825 x111.“
980 3812 986 3825 .
999 3811 1006 3824 .
1019 3812 1026 3825 .
1038 3768 1169 3824 Frommc
1188 3770 1273 3824 Lauta
1289 3769 1398 3823 kaictaa
1410 3767 1474 3823 sort

291 3853 351 3909 sord
368 3853 471 3910 bctctau
488 3852 547 3907 aad
564 3855 687 3908 atarrtea
703 3854 885 3909 euomuerit
900 3872 963 3910 zum
977 3854 1102 3910 Himmcl
1114 3853 1221 3922 timasi
1263 3853 1325 3910 Uno
1341 3852 1472 3924 adriatici,

293 3939 357 3994 dost
373 3956 419 3994 om
436 3938 591 3994 wealliclma
608 3940 748 3995 Horisoat
763 3941 795 3995 ia
813 3940 862 3994 dar
873 3937 951 3996 Ndlsc
968 3940 1016 3994 dar
1028 3941 1119 3996 donae
1136 3939 1237 3995 iocata
1254 3956 1322 3994 maa
1341 3941 1410 3994 treta
1427 3937 1473 3993 dea

283 4024 474 4095 ‚Tupaalicttes
502 4025 582 4079 eima
611 4023 773 4080 bliakoudea
797 4025 880 4080 Stena
902 4026 1102 4081 wairneimca.
1150 4025 1223 4080 Eine
1247 4024 1302 4079 alta
1324 4024 1406 4078 Fraus
1432 4023 1474 4078 be·

293 4110 427 4180 hospicia,
445 4109 499 4176 dull
515 4125 543 4164 ca
559 4109 604 4164 dic
622 4109 695 4165 Scala
712 4110 758 4165 das
777 4113 851 4165 toton
868 4111 986 4182 Pcpatea
1004 4112 1043 4167 soi
1064 4111 1122 4166 cond
1145 4111 1196 4166 das
1218 4110 1285 4168 Volk
1300 4109 1411 4180 plasme
1427 4109 1474 4164 ilar

293 4195 351 4249 aad
367 4195 436 4250 auat
453 4194 510 4263 auf
530 4195 573 4250 dia
589 4195 673 4252 Kaio.
718 4195 872 4266 Verpcbliclr
898 4196 1034 4253 erkldrtca
1056 4198 1101 4253 die
1117 4197 1273 4267 Zeituapca
1296 4198 1396 4266 aptita,
1419 4195 1475 4262 dod

289 4281 369 4348 jonar
392 4281 475 4336 Stura
494 4323 499 4335 .
520 4325 525 4338 .
551 4281 599 4336 der
622 4281 793 4338 damatam
821 4282 911 4338 Venas
932 4300 1051 4354 pewoaea
1068 4284 1106 4339 aci
1126 4325 1131 4336 .
1151 4327 1157 4340 .
1177 4324 1183 4337 .
1203 4281 1254 4337 dua
1277 4281 1343 4338 Volk
1364 4280 1475 4351 pacate

293 4363 346 4419 dea
362 4364 514 4436 Zaituapeu
531 4366 609 4421 aiala
624 4367 683 4422 aad
699 4367 898 4441 achwffllaasa
920 4369 1050 4427 Wunder.
