3278 4964
227 421 289 486 116
676 419 827 475 Guilelmus
845 418 953 476 Gundel
1347 417 1404 509 [24

225 588 292 656 boli
315 608 492 672 cognomen
516 608 587 657 esso
608 594 777 673 putarent,
798 589 834 656 id
855 579 982 672 quoque
1013 595 1212 673 spreverrmt
1240 595 1276 657 et
1299 609 1404 673 uesper

229 712 308 759 voce
327 691 502 776 praecipue
524 692 576 758 usi
605 697 692 758 sunt.
734 693 828 776 Quod
857 693 1003 775 exemplo
1025 692 1208 776 Augustini
1218 692 1244 778 1)
1267 692 1404 776 eiusque

226 794 339 862 verbis
362 814 446 877 qnae
468 797 509 861 de
524 813 587 860 usu
605 794 811 877 planetarum
832 795 996 862 nominum
1011 795 1145 876 saepius
1167 794 1258 879 facit,
1280 796 1405 879 optime

229 898 449 965 demonstrari
463 896 610 982 potesti)
654 896 767 979 Neque
781 901 893 963 tamen
907 916 1018 963 eornm
1032 896 1161 964 dicendi
1176 916 1265 964 more
1279 897 1405 966 iactum

226 1006 286 1082 est,
308 1003 347 1064 ut
367 999 507 1066 Veneris
530 1017 706 1082 cognomen
728 998 891 1066 interiret.
934 1000 1035 1066 Immo
1057 1000 1237 1084 astrologia
1258 1020 1319 1083 per
1338 1019 1405 1068 me·

228 1101 317 1166 dium
348 1119 465 1167 aevum
494 1101 723 1183 potentissima
752 1101 877 1185 effecit,
913 1107 951 1167 ut
984 1102 1080 1169 hodie
1109 1121 1237 1184 quoque
1266 1102 1406 1185 vigeant

139 1225 142 1229 ’
225 1205 312 1285 apud
342 1203 444 1270 Italos
473 1222 589 1270 nomen
617 1203 735 1288 Venere,
768 1202 946 1271 Lusitanos
973 1205 1084 1288 Venus,
1113 1205 1225 1272 Gallos
1246 1204 1335 1270 etoile
1363 1208 1405 1273 de

230 1304 341 1389 Venas,
355 1305 521 1388 Hispanos
532 1306 697 1371 esteelladc
708 1306 818 1390 Versus,
830 1306 1011 1373 Germanos
1023 1306 1124 1371 Venus
1141 1308 1196 1375 vel
1208 1306 1405 1375 Veaocatera.

488 1530 522 1598 ΙΙ.
561 1529 605 1599 lle
628 1529 765 1600 Veneris
787 1529 903 1600 stellae
926 1529 1140 1616 opinionibus.

311 1683 573 1766 Sententiarum,
602 1703 684 1765 quas
713 1688 843 1750 veteres
872 1682 1012 1750 Romani
1048 1686 1088 1750 de
1118 1684 1257 1750 Veneris
1286 1685 1405 1753 stellae

226 1789 349 1851 natura
370 1804 409 1851 ac
430 1786 465 1852 vi
487 1787 682 1869 habuerunt,
711 1791 813 1852 testes
843 1786 948 1851 nullos
978 1787 1136 1852 babemus
1164 1785 1229 1852 nisi
1258 1787 1405 1870 appella·

226 1887 342 1953 tiones.
387 1888 515 1953 Harum
545 1906 625 1954 vere
647 1890 813 1954 Romanae
834 1908 937 1969 vesper
965 1893 1095 1954 tantum
1117 1893 1203 1972 sunt,
1232 1908 1405 1973 vesperugo,

223 1989 332 2071 tabor,
362 2008 403 2055 ex
425 1989 544 2071 quibus
566 1990 760 2057 concludere
783 1990 864 2056 licet
886 1991 1047 2056 Romanos
1076 1991 1231 2074 primitus
1260 1997 1406 2076 putasse,

226 2094 310 2157 duas
332 2092 447 2158 stellas
470 2110 541 2158 esse
561 2092 710 2158 diversas
731 2096 767 2158 et
782 2093 966 2174 appellasse
989 2094 1138 2171 alteram,
1161 2095 1247 2175 quod
1263 2093 1298 2160 in
1313 2095 1404 2162 caelo

227 2195 415 2277 vespertino
438 2201 623 2278 appareret,
653 2196 809 2280 alteram,
839 2199 923 2277 quod
951 2198 1055 2262 lucem
1085 2195 1259 2282 afferreti)
1310 2197 1405 2281 Quod

225 2297 399 2364 masculini
428 2298 561 2381 generis
591 2317 662 2365 esse
691 2300 907 2382 putabantur,
936 2299 1051 2364 mirum
1084 2303 1150 2381 est,
1181 2319 1253 2365 cum
1284 2299 1404 2366 ceteris

226 2400 326 2467 astris
346 2401 537 2484 plerumque
554 2420 659 2485 genus
682 2401 874 2468 femininum
895 2402 1100 2468 tribueretur
1122 2401 1248 2486 (moneo
1268 2402 1403 2483 meaios,

223 2505 378 2586 vergilias,
400 2504 534 2588 tapeta,
552 2505 747 2589 caniculam).
776 2504 842 2571 Sed
860 2504 943 2571 certi
958 2503 1038 2585 quid
1052 2505 1115 2569 hac
1137 2523 1178 2570 ex
1199 2523 1236 2571 re
1256 2506 1405 2572 concludi

225 2625 289 2673 non
311 2611 430 2691 potest,
453 2626 525 2673 cum
547 2608 671 2674 nullum
696 2608 742 2674 sit
762 2607 920 2674 indicium
949 2626 970 2672 a
991 2605 1147 2673 Romanis
1173 2608 1306 2673 deorum
1334 2609 1404 2674 loco

226 2708 331 2774 cultos
354 2727 426 2775 esse
447 2714 507 2776 aut
522 2728 694 2791 vesperum
710 2714 769 2775 aut
788 2709 970 2792 luciferum,
993 2709 1028 2774 id
1050 2711 1137 2790 quod
1152 2708 1227 2775 aliis
1247 2708 1404 2796 populis)

315 2877 334 2944 ¹)
352 2877 423 2932 Vide
434 2875 551 2931 indicem
564 2877 594 2931 in
607 2877 759 2946 Augustini
770 2894 852 2946 opera
860 2878 964 2932 omnia:
976 2879 1091 2948 bligne
1103 2879 1210 2935 Petrei.
1223 2897 1293 2938 cura
1306 2881 1403 2951 compl.

226 2978 277 3016 ser.
295 2962 344 3016 lat.
362 2961 415 3015 vol.
433 2962 524 3017 XLVI
541 2978 562 3016 s.
582 2978 608 3017 v.
627 2961 727 3030 lucifer
746 2967 775 3018 et
801 2980 822 3018 s.
841 2979 867 3018 v.
889 2964 987 3019 Venus.
1027 2965 1127 3020 Fusius
1154 2965 1280 3034 disputat
1296 2967 1330 3022 de
1353 2968 1404 3022 boc

227 3047 379 3116 Augustini
396 3062 496 3116 genere
513 3048 641 3116 loquendi
658 3049 689 3102 Ii.
707 3048 790 3116 Piper
806 3050 824 3103 l.
840 3050 859 3103 l.
877 3050 907 3103 H
924 3066 950 3118 p.
968 3050 1027 3104 212.

314 3131 334 3201 ²)
353 3133 448 3201 Neque
465 3139 559 3188 tamen
576 3150 648 3189 nova
665 3134 775 3188 nomina
792 3134 954 3204 intulerunt,
972 3135 1001 3190 id
1019 3136 1091 3203 quod
1103 3136 1213 3205 septimi
1230 3137 1328 3192 decimi
1345 3152 1403 3192 sae-

226 3217 281 3273 culi
298 3218 387 3287 magis
399 3218 525 3273 relictum
538 3224 588 3274 est.
623 3220 646 3274 ll
665 3219 750 3274 variis
768 3220 995 3289 appellationibus
1007 3232 1066 3276 turn
1079 3223 1178 3277 creatis
1195 3238 1280 3277 unum
1298 3221 1403 3290 profero

225 3303 364 3359 lobannis
381 3307 497 3374 osteum,
510 3320 536 3359 v.
555 3305 658 3360 Strau
667 3305 794 3361 chium:
812 3305 994 3376 Astropaoeio
1005 3323 1032 3374 p.
1045 3306 1102 3377 156,
1121 3308 1169 3375 qui
1180 3313 1322 3376 praeterea
1333 3323 1403 3362 com·

227 3397 366 3457 memorat,
384 3390 528 3445 lucilerum
546 3407 564 3446 a
581 3391 718 3461 chymicis,
737 3392 784 3460 qni
802 3408 914 3461 cuprum
931 3392 1071 3447 metallum
1089 3393 1119 3447 in
1136 3393 1250 3448 Veneris
1267 3398 1404 3462 potestate

225 3492 285 3532 <³⁸⁵0
301 3477 653 3629 {itgirzlrllibtfsssilantigriim
664 3479 932 3618 cicrlr‘irtrlrlrzltieciiierunt
943 3563 1073 3618 Germani
1083 3563 1261 3632 Abcadatero,
1276 3564 1404 3634 Morgen-

225 3650 308 3717 atero,
331 3647 531 3716 Terebelateoucc,
552 3649 734 3718 Tapeesteme.
759 3649 911 3718 Singularis
929 3664 1021 3703 eorum
1033 3649 1181 3718 appellatio
1193 3654 1236 3705 est
1256 3649 1404 3719 Tieratem,

225 3734 296 3801 quod
312 3733 411 3788 orienti
429 3749 540 3802 vespero
557 3735 631 3789 ferae
649 3751 664 3789 e
687 3734 765 3790 silvis
788 3735 944 3803 procedant,
961 3735 988 3790 J.
1004 3734 1130 3790 Grimm
1148 3736 1167 3790 l.
1185 3737 1203 3790 l.
1221 3752 1247 3804 p.
1266 3735 1326 3790 603.
1365 3735 1405 3791 Et

226 3819 312 3889 Angli
329 3819 592 3890 cognominaverunt
604 3835 747 3888 vesperum
759 3835 847 3874 seona
864 3823 953 3874 eterra
965 3820 984 3875 i.
997 3837 1019 3876 e.
1038 3820 1214 3875 bubulcorum
1227 3821 1314 3891 stella,
1332 3821 1404 3890 quod
1472 3877 1476 3884 ,

226 3912 348 3971 pastores
367 3910 396 3960 et
413 3920 515 3974 greges
533 3905 562 3959 in
580 3906 690 3960 stabula
707 3905 853 3974 compellit.
888 3906 946 3961 Hoc
963 3906 1100 3975 adnotavi,
1119 3907 1190 3974 quod
1207 3907 1324 3961 Romani
1341 3922 1405 3975 quo-

226 4004 280 4056 que
296 4006 396 4060 greges
414 3990 518 4045 oriente
536 4006 650 4059 vespera
673 3991 818 4046 redeuntes
835 3991 1044 4060 descripserunt,
1067 3992 1151 4062 Verg.
1175 3992 1234 4047 Eoi.
1252 3993 1278 4046 X
1295 3993 1343 4047 it:
1367 3991 1405 4046 ite

226 4073 338 4128 doraum
354 4078 474 4143 acturae,
492 4076 568 4130 veuit
585 4077 729 4146 Hesperus,
747 4076 786 4131 ite
804 4077 929 4146 capellae.
965 4078 1024 4132 Gul.
1042 4077 1139 4146 202sq.

312 4159 334 4228 ⁴)
343 4160 383 4215 Ut
391 4161 678 4229 populisadorientem
684 4161 746 4217 sitis
754 4163 788 4232 (R
797 4163 961 4219 obertson
975 4160 1405 4233 SmitbRelipiondeeSemiteu

225 4261 252 4314 p.
261 4245 309 4314 403
327 4246 353 4301 J.
364 4245 593 4302 Wellhauscn
603 4247 786 4303 Sbizeeouod
800 4248 1062 4316 Vororbeiteolllp.
1072 4249 1160 4317 Sisq,
1170 4248 1213 4317 40)
1227 4253 1255 4302 et
1268 4246 1405 4301 America-

225 4346 321 4385 norum
339 4331 477 4401 indigenis
489 4332 526 4401 (J.
537 4333 562 4388 S.
571 4333 699 4389 llbllcr
709 4333 868 4388 Amostae.
882 4333 1038 4404 Urcelipioo
1047 4351 1072 4402 p.
1085 4334 1127 4389 o3.
1139 4333 1209 4401 480).
1236 4332 1307 4388 Vide
1320 4331 1405 4387 etiam

226 4416 279 4470 Fr.
292 4417 396 4472 Schul
405 4422 474 4471 tue:
492 4416 553 4472 Der
565 4417 773 4486 Fetiacbisoeoc,
791 4419 839 4488 qui
850 4435 913 4489 pag.
926 4419 977 4472 249
989 4420 1092 4488 templa
1105 4425 1134 4474 et
1145 4418 1279 4474 sacrificia
1295 4417 1405 4473 luciferi
