3292 4958
152 371 207 458 61]
378 372 419 426 De
437 372 579 426 stellarum
598 371 779 440 appellatione
797 378 826 427 et
843 372 973 441 religione
991 373 1113 428 Romana
1269 375 1331 441 153

152 543 252 610 tionis
275 543 338 607 iarn
355 542 468 608 Cicero
491 542 588 608 testis
611 546 662 608 est
685 544 725 607 de
748 547 816 607 nat.
839 545 924 608 deor.
940 544 975 608 ΙΙ
991 545 1068 609 111:
1093 545 1240 608 minorem
1264 597 1270 611 .
1293 597 1300 610 .
1323 596 1330 611 .

151 647 384 727 septentrionem
410 644 545 725 Cepheus
566 644 769 724 subsequitur.
822 645 891 728 Quo
922 646 1030 726 fiebat,
1060 652 1099 712 ut
1128 648 1227 712 alteri
1257 667 1330 714 eon·

152 748 332 814 stellationi
346 748 608 828 appellationem
638 749 804 828 septentrio
827 749 926 810 mator
957 750 1125 831 adderent,
1156 768 1186 816 v.
1209 750 1331 833 Hygin.

152 851 219 916 fab.
251 850 441 916 CLXXVII
471 869 499 930 p.
533 851 644 915 1333:
670 855 777 930 postea
805 850 887 913 Ieor's
915 851 1136 914 tacuellarum
1165 872 1331 916 numerum

152 955 277 1034 rettulit,
289 973 368 1033 puae
380 952 550 1033 Septentrio
561 953 744 1033 appellatur.
761 1004 767 1018 .
781 1004 786 1016 .
800 1005 805 1017 .
817 952 889 1016 ttaec
901 973 972 1034 erpo
986 954 1157 1035 Septentrio
1172 957 1331 1037 motor...;

152 1056 230 1120 Luc.
248 1056 373 1136 Ampel.
390 1055 446 1119 lib.
461 1074 552 1120 mem.
568 1074 638 1134 cap.
654 1055 721 1119 III:
736 1057 954 1137 septentriones
968 1056 1049 1120 duo:
1064 1059 1163 1120 arator
1177 1063 1205 1121 et
1220 1060 1330 1136 rainer,

153 1159 208 1238 que'
239 1178 410 1237 numquam
453 1162 646 1238 urerpuntur.
703 1158 835 1222 Nullum
869 1158 1003 1224 dubium
1036 1165 1101 1242 θεῖ,
1139 1160 1217 1241 quin
1250 1162 1332 1226 haee

153 1260 342 1342 appellandi
364 1260 448 1325 ratio
472 1265 545 1325 orta
562 1259 607 1325 sit
630 1280 670 1325 ex
686 1260 873 1326 confusione
897 1280 969 1326 cum
992 1281 1085 1325 ursae
1108 1262 1332 1344 appellatione

153 1363 254 1427 facta.
299 1363 382 1427 Nam
398 1368 573 1442 utrumque
589 1361 680 1427 sidus
704 1363 806 1427 etiam
828 1383 935 1426 ursern
958 1365 1105 1426 nror'erenr
1128 1371 1161 1430 et
1184 1367 1332 1429 rnr'norenr

153 1470 305 1531 uocatum
322 1483 392 1529 esse
408 1464 496 1530 infra
512 1464 707 1530 videbimus.
752 1465 844 1546 Quae
867 1465 1013 1530 confusio
1029 1466 1083 1531 vel
1106 1485 1143 1531 eo
1159 1486 1333 1549 progressa

155 1573 214 1648 est,
236 1572 274 1631 ut
290 1567 398 1632 dicere
414 1567 518 1647 possit
533 1566 708 1633 Vitruvius
724 1568 775 1631 IX
788 1569 817 1650 4,
833 1568 853 1632 6
874 1568 913 1631 de
929 1568 1038 1648 capite
1054 1567 1186 1632 maioris
1203 1574 1332 1650 septen-

155 1668 271 1733 trionis
299 1676 333 1733 et
356 1671 396 1733 de
419 1671 523 1734 cauda
552 1669 694 1735 minoris.
739 1670 813 1735 Huc
841 1671 989 1750 pertinet
1019 1671 1052 1735 id
1083 1688 1218 1753 quoque,
1249 1673 1334 1752 quod

154 1773 257 1851 genus
280 1771 494 1836 masculinum
521 1772 594 1838 voci
616 1791 675 1852 per
697 1790 732 1837 se
755 1772 921 1853 proprium
943 1774 1137 1838 mutabatur
1166 1773 1201 1838 in
1231 1792 1333 1855 genus

154 1871 355 1953 femininum,
387 1873 462 1938 ride
485 1875 583 1939 Mart.
608 1874 685 1954 Cap.
708 1874 792 1939 VIII
816 1875 894 1940 838:
924 1876 1079 1955 aprrttone's
1100 1876 1199 1956 r'pr'tur
1225 1875 1335 1939 lrabeat

149 1979 271 2055 partera
294 1980 425 2055 utraque
445 1975 624 2059 Captantem,
647 1976 776 2059 araas)

239 2078 379 2142 Praeter
401 2097 450 2157 ea,
474 2097 558 2158 quae
579 2081 671 2144 modo
687 2079 868 2161 attulimus,
891 2082 1071 2145 notandum
1095 2086 1146 2145 est
1168 2079 1233 2144 ianr
1257 2080 1333 2145 inde

154 2197 174 2243 a
195 2180 359 2259 prioribus
381 2179 479 2245 latini
494 2181 652 2246 sermonIs
671 2181 872 2262 temporibus
895 2186 1020 2261 septem
1036 2181 1176 2248 trionem
1191 2202 1211 2247 a
1227 2182 1333 2248 sidere

154 2283 354 2346 translatum
377 2301 447 2347 esse
466 2285 508 2347 ad
524 2284 690 2366 regionem
713 2284 766 2348 cui
788 2284 981 2348 imminebat
995 2283 1077 2348 illud
1101 2288 1135 2348 et
1157 2284 1333 2349 caelestem

155 2390 190 2448 et
204 2388 403 2449 terrestrem.
447 2384 539 2465 Quae
555 2404 607 2450 res
627 2386 734 2449 notior
750 2389 810 2466 θεῖ,
833 2404 930 2464 quam
947 2405 1030 2464 quae
1046 2386 1204 2464 exemplis
1220 2385 1332 2450 allatis

155 2485 313 2566 indigeat.
358 2487 444 2567 Quin
472 2487 569 2551 etiam
594 2487 775 2567 posteriore
798 2505 878 2552 aevo
902 2487 993 2551 sidus
1016 2486 1136 2552 iterum
1161 2506 1178 2551 θ
1200 2488 1333 2568 regione

156 2588 358 2669 appellatum
374 2593 433 2670 est,
449 2589 543 2655 velut
559 2608 579 2654 a
595 2590 759 2654 Martiano
776 2589 909 2670 Capella
922 2589 1006 2654 VIII
1017 2590 1079 2654 818
1093 2589 1334 2670 penetrandae

156 2692 370 2770 septentriones
392 2696 451 2756 aut
476 2711 496 2755 a
518 2692 602 2756 Iulio
626 2692 836 2772 Obsequente
863 2711 888 2757 e.
913 2692 975 2756 128
1003 2693 1219 2773 septentrr'onr's
1239 2692 1334 2759 nau.

156 2793 226 2874 Quo
247 2793 448 2875 factumest,
471 2799 508 2859 ut
530 2813 608 2860 ursa
630 2793 734 2859 maior
756 2795 982 2876 appellaretur
995 2795 1229 2875 septentrionale
1248 2795 1336 2859 sidus

157 2897 209 2961 rel
233 2896 348 2962 omisso
375 2897 504 2962 nomine
527 2897 733 2965 substantivo
752 2898 987 2977 septentrionale
1009 2903 1067 2963 aut
1081 2899 1336 2981 septentrtonatr's,

156 3016 186 3063 v.
203 2998 351 3064 lletfl
362 3000 424 3064 ini
441 3000 539 3064 Arch.
555 3000 605 3064 IX
620 3019 650 3080 p.
668 3001 738 3082 138,
754 3000 915 3065 Isidorum
932 2999 1021 3080 Orig.
1034 3000 1086 3065 ΙΙΙ
1099 3001 1148 3082 70,
1160 3002 1189 3083 6,
1209 3000 1264 3080 qui
1280 3018 1334 3065 ex·

156 3101 312 3166 scribitur
342 3104 384 3166 ad
413 3102 536 3167 Bedam
567 3104 606 3166 de
640 3107 737 3184 temp.
761 3108 822 3167 rat.
846 3103 863 3166 I
886 3104 927 3168 32
951 3103 1013 3180 (ed.
1035 3103 1111 3167 Bas
1134 3104 1169 3168 Π
1191 3123 1221 3183 p.
1246 3104 1335 3188 lem:

156 3209 303 3266 arcturus
318 3204 377 3288 (sic
392 3223 449 3284 pro
464 3205 560 3287 arete)
576 3205 628 3266 rue
647 3211 698 3285 est,
721 3224 810 3283 quern
830 3205 923 3266 tetr'ne‘
936 3205 1198 3284 septentrionalem
1220 3204 1336 3270 dr'eunt.

242 3305 355 3385 Neque
371 3306 488 3370 mirum
503 3311 561 3387 est,
585 3308 668 3385 quod
684 3311 809 3385 poetae,
830 3324 966 3386 quorum
982 3324 999 3370 θ
1015 3324 1102 3370 more
1116 3305 1218 3370 fuisse
1235 3324 1335 3387 supra

156 3407 296 3474 vidimus
319 3409 359 3473 de
375 3407 526 3471 trionibus
548 3407 663 3473 omisso
686 3408 848 3472 numerali
864 3406 960 3488 loqui,
983 3407 1150 3488 reglonem
1171 3407 1333 3472 borealem

156 3512 266 3575 eodem
297 3510 454 3576 vocabulo
485 3510 610 3591 poetIco
641 3509 842 3576 ornaverim.
896 3509 990 3590 Quod
1027 3507 1108 3573 fecit
1138 3507 1336 3574 Claudianus

157 3613 242 3677 VIII
264 3615 342 3678 474:
364 3633 441 3694 pens
462 3633 523 3693 pua
538 3631 600 3676 non
623 3612 776 3694 Septter'ms
797 3612 943 3693 diffusior
963 3612 1031 3676 utta
1050 3613 1164 3674 tre'ones
1183 3611 1187 3695 t
1207 3611 1336 3674 incolunt

157 3720 192 3780 et
214 3716 298 3780 XXI
315 3717 392 3781 217:
416 3717 626 3796 exarmatique
640 3717 762 3780 trr'ones.
806 3716 944 3780 Praeter
967 3717 1081 3795 poetas
1110 3718 1228 3795 autem,
1251 3714 1336 3793 quod

157 3818 308 3883 hocloco
332 3820 460 3901 addam,
483 3817 561 3883 Trio
583 3818 677 3883 nobis
699 3818 842 3883 occurrit
871 3836 928 3899 pro
951 3817 1114 3882 hominum
1147 3815 1336 3898 cognomine

158 3920 306 4001 pluribus
328 3921 417 3986 locis.
470 3921 575 3986 Notus
605 3926 655 3986 est
686 3920 856 3985 Fulcinius
879 3919 965 4002 Trio,
995 3918 1117 3985 aetatis
1140 3917 1336 3983 Tiberianae

247 4090 267 4158 ¹)
286 4090 356 4144 Vide
369 4090 471 4159 Hygin.
485 4090 538 4144 fab.
553 4090 705 4144 CLXXVII
723 4106 748 4157 p.
763 4089 854 4144 1333:
874 4105 942 4156 quum
954 4087 1102 4157 septentrio
1120 4087 1278 4157 appelletur
1290 4130 1296 4142 .
1310 4130 1336 4142 ..

158 4175 223 4229 traec
241 4192 302 4245 erpo
320 4176 469 4245 septentrio
487 4176 584 4230 nater.
627 4176 666 4230 At
691 4176 720 4230 in
737 4175 830 4229 tabrda
849 4175 986 4229 CCXXIV
1010 4190 1035 4241 p.
1054 4173 1134 4226 15513
1158 4173 1336 4228 masculinum

158 4278 246 4330 genua
259 4262 371 4317 adhibet
383 4263 453 4317 idem
467 4262 602 4333 HygInns.
621 4261 702 4316 reicio
715 4265 857 4329 praeterea
869 4261 905 4315 ad
917 4260 997 4315 schol.
1012 4259 1101 4313 Germ.
1114 4259 1191 4314 Atat.
1210 4276 1235 4327 p.
1250 4257 1307 4327 189,
1321 4259 1336 4311 7

159 4350 276 4414 atraque
291 4347 438 4417 septentrio
454 4357 482 4403 et
497 4349 533 4403 ad
553 4347 741 4402 Maaesium
754 4346 801 4400 Ar.
815 4347 862 4400 rel.
877 4363 903 4414 p.
917 4345 967 4400 134
985 4348 1114 4412 utresque
1131 4344 1329 4415 septentriones
