3292 4958
232 389 287 478 13]
457 390 499 442 De
516 388 658 443 stellarum
677 387 858 456 appellatione
876 393 905 442 et
922 386 1053 456 religione
1070 387 1192 441 Romana
1349 387 1412 454 105

230 563 503 643 Thurneyssenus
532 559 686 625 1611666.
714 557 777 623 l.l
806 558 842 623 H
869 557 941 640 169,
971 557 1028 638 qui
1056 558 1117 624 hoc
1145 557 1340 625 vocabulum
1369 561 1412 625 ad

233 663 416 746 exemplum
438 661 529 728 vocis
559 661 674 742 lucifer
701 659 813 726 fictum
843 663 950 741 putat.
1000 660 1083 742 Ego,
1112 679 1185 726 cum
1208 659 1319 727 exitus
1347 661 1413 742 -fer

232 766 305 835 sine
331 765 430 831 dubio
454 762 612 829 Latinum
634 764 790 829 ostendat
812 777 1008 845 sermonem,
1037 762 1170 828 initium
1198 781 1325 844 quoque
1352 783 1412 846 pro

231 867 354 936 Latino
381 864 552 933 habuerim
582 870 616 930 et
646 865 833 931 iuncturam
864 866 1002 931 eandem
1031 865 1219 946 putaverim
1248 872 1348 947 atque
1377 867 1412 931 in

230 971 385 1037 cati-leco
398 970 526 1033 oattsto
541 967 627 1034 aliis.
670 968 789 1048 Itaque
813 967 870 1049 qui
884 968 946 1033 hoc
961 967 1155 1036 vocabulum
1177 967 1413 1051 formaverunt,

232 1091 405 1155 vesperum
427 1070 553 1152 aliquid
577 1069 745 1137 anteferre
767 1070 941 1150 putabant
993 1069 1099 1153 Quale
1129 1069 1161 1136 id
1185 1069 1294 1153 fuerit,
1326 1070 1412 1136 coni·

234 1195 310 1243 cere
331 1174 473 1242 16666666
495 1173 575 1239 11666
598 1171 790 1239 eVarronis
811 1173 890 1256 loco,
912 1172 1052 1238 aNonio
1072 1191 1103 1254 p.
1119 1174 1190 1255 112,
1212 1175 1254 1239 23
1273 1177 1414 1240 servato.

233 1279 286 1346 Ibi
307 1278 457 1344 traditur
485 1275 589 1342 facem
609 1274 719 1357 fuisse,
750 1294 844 1357 quam
873 1294 980 1342 novae
1009 1281 1133 1356 nuptae
1158 1295 1240 1357 pater
1259 1278 1415 1357 ingenuas

233 1381 410 1462 anteferret.
454 1377 562 1445 Simili
584 1379 675 1444 modo
699 1397 720 1443 6
742 1396 880 1458 vespero
902 1376 991 1443 nocti
1012 1377 1117 1443 facem
1148 1377 1310 1445 anteferri
1340 1396 1414 1443 con·

234 1488 305 1550 stat
329 1502 371 1549 ex
393 1481 475 1547 artis
491 1480 650 1561 antiquae
663 1479 889 1562 monumentis
911 1480 947 1545 in
968 1479 1086 1561 quibus
1101 1479 1232 1561 saepius
1248 1480 1414 1561 Hesperos

234 1585 373 1667 fingitur
387 1589 552 1664 tamquam
568 1601 649 1664 puer
663 1582 767 1648 facem
782 1584 882 1648 lunae
898 1581 1100 1663 anteferens;
1123 1602 1155 1648 v.
1176 1582 1414 1664 Diitschke,

234 1686 333 1754 Areo.
353 1687 449 1769 appr.
470 1685 557 1751 666.
579 1704 639 1749 aas
662 1670 835 1749 demea
856 1684 921 1750 vn
944 1685 1027 1750 6666
1050 1704 1080 1766 p.
1104 1686 1166 1750 666
1189 1687 1264 1751 aar.
1286 1685 1337 1750 66.

319 1788 528 1871 Noctifer,
559 1789 634 1852 ert:
668 1787 739 1852 066.
773 1806 798 1852 6.
828 1787 928 1852 LXII
958 1789 993 1867 73
1024 1786 1175 1868 Calpum.
1205 1788 1262 1853 ecl.
1292 1788 1322 1852 V
1352 1788 1413 1851 121

234 1892 342 1977 (PLM
357 1891 481 1975 11194)
506 1891 622 1955 eadem
644 1908 710 1970 qua
732 1889 882 1955 Catullus
905 1907 1021 1954 versus
1043 1891 1129 1954 sede.
1173 1889 1243 1955 Hoc
1265 1889 1416 1955 Catullus

235 1993 365 2076 poetice
386 1993 484 2058 finxit
506 1997 543 2058 ut
566 1992 707 2058 haberet
729 1994 814 2072 quod
837 1990 968 2072 lucifero
989 1993 1213 2073 responderet.

321 2096 436 2176 Neque
464 2099 575 2161 tamen
606 2094 668 2159 hae
702 2096 787 2160 duae
824 2094 1064 2175 appellationes
1094 2113 1244 2176 umquam
1281 2092 1314 2158 in
1354 2110 1416 2159 usu

235 2198 384 2282 populari
398 2197 501 2263 fuisse
517 2198 681 2265 videntur.
703 2196 843 2263 Accedit
858 2197 962 2262 tertia
977 2199 1145 2280 quaedam,
1165 2216 1229 2276 qua
1243 2214 1416 2277 vesperum

234 2301 385 2383 intellegi
413 2301 503 2365 haud
531 2318 588 2365 suo
619 2299 690 2364 iure
720 2303 924 2380 putaverunt
949 2298 1015 2365 viri
1045 2300 1147 2381 docti,
1177 2318 1292 2380 nempe
1313 2299 1352 2362 N
1355 2317 1416 2362 oe·

235 2407 394 2468 666666.
446 2403 526 2468 Cum
555 2400 641 2469 enim
663 2401 790 2467 Statius
819 2400 854 2465 in
885 2400 1054 2466 Thebaide
1077 2401 1126 2467 VI
1148 2402 1210 2466 218
1243 2400 1415 2466 luciferum

236 2505 328 2571 sidus
351 2504 553 2586 appellasset
571 2509 767 2587 6666666666,
785 2503 823 2568 L.
839 2504 1008 2569 Preller
1030 2502 1146 2587 (Roem.
1169 2502 1268 2584 Mptle.
1291 2502 1416 2585 1⁸·328)

235 2609 438 2674 Nocturnum
474 2625 590 2673 nomen
628 2625 700 2672 6666
730 2607 849 2672 6661166
882 2605 1095 2688 vespertinae
1124 2607 1292 2688 proprium
1320 2609 1416 2671 autu·

235 2709 353 2792 mavit,
384 2711 546 2776 adductus
567 2710 603 2774 ni
625 2708 723 2775 fallor
745 2709 986 2791 Amphitruone
1000 2709 1157 2775 Plautino
1178 2728 1210 2777 v.
1228 2710 1306 2774 272:
1328 2707 1417 2772 credo

236 2832 290 2894 ego
311 2813 369 2877 1666
389 2816 482 2876 cocta
503 2813 702 2875 Nocturnum
731 2811 947 2876 obdormivisse
973 2813 1100 2878 eleum.
1145 2810 1209 2877 Sed
1237 2810 1418 2892 6166111666

237 2934 320 2996 quae
339 2915 541 2980 Nocturnum
559 2914 697 2980 laudant
719 2914 910 2981 testimonia
931 2914 1209 2998 perlustramus,¹)
1230 2933 1295 2980 non
1317 2914 1418 2997 61166,

237 3019 295 3084 661
318 3019 415 3083 deum
438 3017 639 3082 Nocturnum
662 3035 734 3083 esse
756 3017 996 3099 intellegimus:
1026 3036 1127 3099 quare
1157 3017 1243 3084 hanc
1272 3017 1417 3099 appella·

237 3118 358 3186 tionem
380 3123 492 3184 nostro
514 3118 586 3185 iure
609 3121 785 3202 neglegere
807 3138 988 3199 possumus.

609 3321 651 3388 B.
683 3321 737 3387 Ilo
757 3323 838 3388 lueo
861 3321 1051 3388 matutina.

323 3474 492 3541 Stellae
522 3476 763 3541 matutinae
792 3475 857 3540 hae
886 3479 1062 3540 occurrunt
1083 3472 1339 3556 significationes
1354 3475 1417 3541 Ro·

236 3596 370 3644 manae:
391 3578 516 3642 stello
537 3576 692 3641 diurna
715 3575 907 3659 6616666,
930 3576 1341 3657 quasindealitterarum
1356 3577 1418 3643 ini·

237 3677 296 3745 tiis
318 3687 413 3746 notas
436 3678 540 3745 fuisse
562 3699 603 3745 ex
625 3680 824 3746 testimoniis
847 3684 995 3761 apparet.

323 3781 458 3846 Stella
487 3781 656 3848 dianae:
685 3782 784 3848 huius
814 3781 954 3848 nominis
977 3800 1055 3848 usus
1084 3800 1148 3847 uno
1177 3781 1244 3847 solo
1274 3781 1420 3849 traditur

237 3885 395 3966 exemplo.
438 3884 579 3950 Plautus
601 3885 686 3950 enim
704 3883 786 3950 dicit
802 3884 1003 3950 Menaechm.
1017 3902 1115 3950 versu
1133 3883 1209 3949 175:
1231 3882 1304 3947 inde
1324 3904 1420 3965 osque

328 4019 347 4089 ¹)
366 4020 503 4089 Congesta
529 4024 594 4075 sunt
620 4036 637 4074 a
660 4037 687 4075 r.
710 4020 736 4074 d.
755 4020 907 4074 Drexler
935 4020 964 4074 in
991 4018 1159 4074 Roscheri
1185 4018 1271 4074 lexico
1297 4019 1419 4074 111446.

238 4104 387 4160 Praeterea
412 4105 441 4159 in
465 4105 547 4160 titulo
571 4106 687 4172 quodam
708 4105 931 4173 Carthaginiensi
954 4103 1060 4172 magico
1077 4103 1231 4173 Νοκτοῦρνε
1254 4104 1345 4174 legere
1367 4105 1420 4160 sibi

236 4188 315 4246 visus
341 4196 383 4245 666
406 4190 439 4244 R.
457 4190 635 4245 Wuenech
658 4188 737 4259 (1166.
756 4190 842 4245 Rhea.
869 4189 919 4244 LV
938 4189 1006 4242 1900
1027 4205 1054 4256 p.
1072 4188 1142 4259 260),
1160 4189 1207 4244 sed
1231 4189 1279 4257 qui
1304 4189 1419 4244 ultimus

236 4274 352 4334 titulum
376 4275 462 4329 edidit
479 4275 563 4344 Aug.
581 4275 780 4330 Audollent
797 4274 989 4343 (Defiaionaem
1008 4272 1130 4343 66061166,
1152 4274 1217 4328 dise.
1241 4273 1326 4329 Paris.
1352 4273 1420 4327 1904

236 4375 281 4416 666.
305 4359 366 4428 250)
384 4359 535 4412 Νοκτονκιτ
550 4361 697 4430 legendum
715 4375 774 4415 asse
792 4359 922 4417 affirmat.
