3292 4958
150 328 204 408 31]
372 326 413 380 De
431 326 571 380 stellarum
589 324 772 394 appellatione
789 331 818 381 et
835 325 967 395 religione
985 326 1108 381 Mmans
1266 329 1329 395 123

150 500 309 582 optimum
324 517 415 565 omen
440 502 521 579 erat,
544 497 593 564 sic
607 497 756 563 defectus
773 497 903 563 luciferi
925 497 1067 579 pessima
1089 500 1331 582 praesagiebat

150 605 221 669 Iam
242 599 481 682 antiquissimis
502 599 704 681 temporibus
726 599 834 665 Varro
857 605 1009 666 auctores
1032 601 1177 668 Graecos
1197 608 1329 670 secutos

148 725 185 771 re
207 723 288 771 vera
302 704 338 770 id
360 702 519 769 accidisse
543 701 768 769 affirmaverat
790 701 943 787 (lugunt.
959 703 999 768 de
1020 702 1081 770 civ.
1104 704 1159 770 dei
1180 704 1267 771 XXI
1281 706 1329 791 8);

149 805 345 888 posteriores
364 825 403 871 eo
417 805 468 871 usi
487 810 573 888 sunt,
594 809 633 870 ut
648 809 799 870 ornatum
814 803 976 886 poeticum
993 807 1160 872 adolerent.
1189 807 1331 892 Legitur

149 910 185 974 in
208 908 428 976 consolatione
454 910 497 974 ad
518 907 649 974 Liviam
673 906 779 992 (PLM
802 907 819 971 I
841 926 871 989 p.
891 907 963 990 118)
987 926 1016 974 v.
1038 908 1197 989 405sqq.:

354 1011 465 1077 sidera
485 1010 563 1091 quin
585 1009 686 1076 etiam
709 1009 801 1075 coelo
823 1008 948 1092 fugisse
970 1009 1125 1076 feruntur

407 1113 526 1179 lucifer
547 1116 583 1178 et
605 1111 721 1178 solitos
744 1112 936 1179 destituisse
958 1112 1041 1179 vias.

354 1216 473 1282 lucifer
494 1215 529 1280 in
552 1219 623 1281 toto
645 1215 728 1280 nulli
750 1215 934 1297 comperuit
956 1218 1043 1282 orbe.

254 1321 317 1385 409
354 1318 472 1385 sideris
488 1319 550 1384 hoc
571 1317 696 1383 obitum
716 1317 818 1383 terris
840 1317 965 1383 instare
989 1319 1144 1384 monebat

404 1426 439 1487 et
460 1419 565 1501 mergi
586 1419 706 1502 Stygia
727 1420 836 1486 nobile
857 1421 967 1486 lumen
990 1439 1084 1500 aqua.

236 1525 307 1589 Iam
329 1525 372 1589 ad
394 1523 490 1589 finem
513 1523 661 1604 perduxi,
683 1524 828 1602 quaele
850 1522 1055 1603 opinionibus
1077 1541 1158 1590 vere
1173 1523 1330 1589 Romanis

150 1633 185 1691 et
200 1626 399 1693 Graecorum
414 1623 581 1706 sapientia
604 1624 711 1691 auctis
725 1624 875 1706 proferre
891 1625 1047 1691 volebam.
1091 1625 1207 1707 Qualis
1221 1624 1329 1708 imago

151 1727 264 1810 fuerit,
288 1745 373 1808 quae
395 1726 542 1793 omnibus
564 1726 599 1791 in
621 1745 722 1792 unum
744 1727 873 1792 collatis
895 1728 1014 1792 effecta
1035 1727 1090 1809 sit,
1112 1728 1291 1809 apparebit
1310 1746 1329 1794 e

150 1828 322 1895 Dracontii
344 1828 505 1912 versibus,
528 1847 608 1909 quos
630 1829 745 1894 ultimo
766 1829 837 1895 loco
860 1828 1029 1896 reservavi
1058 1830 1105 1913 (X
1127 1832 1191 1897 470
1199 1849 1268 1911 sqq.
1286 1859 1329 1884 =

151 1930 246 1995 PLM
268 1930 299 1995 V
320 1950 350 2011 p.
373 1931 465 2014 209):

356 2031 451 2097 exilit
472 2033 601 2097 interea
622 2036 773 2098 tecturus
798 2033 917 2099 lucifer
938 2038 1031 2100 astra

353 2135 493 2216 puniceo
515 2141 711 2217 praevectus
729 2155 813 2216 equo
836 2137 1021 2218 rutilusque
1043 2137 1233 2220 micansque

354 2257 509 2305 concusso
530 2241 571 2304 de
592 2239 683 2305 crine
704 2239 802 2305 iubar
824 2240 980 2306 diffundit
1001 2241 1035 2306 in
1058 2243 1167 2307 orbem

354 2340 550 2423 flammigeri
571 2359 685 2407 roseas
707 2345 909 2423 praecedens
932 2343 1217 2427 solishabeoes.1)

235 2460 299 2526 Sed
336 2466 411 2541 post
442 2461 585 2526 Graecos
623 2461 859 2527 Chaldaeorum
870 2461 895 2546 ²)
931 2461 1081 2527 doctrine
1110 2463 1328 2528 Romanorum

149 2563 274 2629 animos
303 2561 480 2643 inficiebat,
510 2581 575 2642 qun
603 2562 724 2628 lucifer
754 2562 844 2628 facte
874 2568 927 2628 est
955 2564 1053 2628 stella
1082 2563 1230 2629 Veneris.
1280 2565 1329 2632 Ut

148 2665 260 2730 Venus
282 2664 424 2730 omnium
447 2664 638 2730 animalium
660 2665 853 2748 generatrix
876 2671 935 2748 est,
963 2665 1013 2731 ite
1043 2671 1078 2732 et
1099 2666 1231 2732 stellam
1252 2666 1328 2732 hnic

148 2769 229 2832 deae
251 2785 377 2832 sacram
404 2766 543 2833 alicuius
564 2767 720 2833 momenti
741 2767 777 2833 in
794 2770 979 2850 generando
1002 2767 1103 2834 Plinii
1125 2768 1328 2850 temporibus

148 2870 313 2950 putabant
326 2869 465 2935 Romani
487 2869 538 2953 (N.
553 2869 594 2935 Η.
609 2870 645 2934 ΙΙ
660 2871 711 2952 38,
730 2889 761 2937 v.
783 2889 884 2952 supra
900 2890 973 2954 pag.
988 2871 1058 2957 25):
1080 2874 1166 2952 qnod
1181 2877 1251 2938 tum
1274 2860 1328 2938 de·

147 2989 234 3037 mum
256 2971 380 3037 iactum
402 2990 483 3054 esse,
505 2990 577 3037 cum
596 2971 715 3037 lucifer
736 2971 1005 3039 eOhaldaeorum
1025 2974 1190 3041 sententia
1204 2974 1328 3041 Veneri

147 3073 293 3139 tributus
316 3078 412 3156 esset,
434 3093 550 3156 perse
572 3079 673 3156 patet.
718 3075 789 3140 Hoc
811 3074 876 3140 iam
900 3075 1029 3142 Nerone
1050 3076 1234 3158 imperante
1259 3075 1328 3142 fac·

147 3184 217 3241 tum
238 3175 341 3241 fuisse
363 3177 458 3242 docet
479 3176 642 3259 Lucanus„
665 3177 721 3257 qui
743 3177 779 3242 in
800 3179 1028 3245 enumerandis
1045 3178 1152 3245 stellis
1174 3179 1328 3246 erraticis

147 3276 230 3344 dicit
244 3279 278 3343 X
294 3280 371 3345 208:
391 3279 528 3360 fecundo
548 3280 650 3344 Venas
665 3283 848 3344 coemeram
866 3300 973 3344 reram
994 3283 1114 3345 semino
1132 3281 1139 3364 Ι
1153 3281 1327 3365 possim)

147 3380 235 3462 Quin
257 3381 356 3446 etiam
371 3381 530 3447 Varronis
552 3383 755 3464 temporibus
777 3383 858 3448 haec
873 3382 1041 3449 sententia
1063 3384 1152 3465 apud
1167 3383 1327 3449 Romanos

147 3487 284 3564 recepta
306 3482 379 3549 fuit.
423 3485 494 3551 Hoc
516 3485 732 3551 concludatur
746 3502 879 3551 necesse
899 3490 952 3550 est
974 3485 1118 3552 eServii
1139 3485 1263 3552 scholio
1284 3487 1328 3552 od

235 3623 255 3691 ¹)
273 3623 310 3678 Hi
343 3637 437 3679 versus
470 3626 600 3676 revocant
631 3627 728 3689 poetae
760 3621 891 3676 nostratis
918 3620 1004 3676 Hebel
1031 3621 1128 3690 (Alere.
1158 3621 1241 3678 Getis
1267 3621 1327 3676 Der

147 3706 348 3777 Morpenetorn)
367 3721 488 3761 carmen:

461 3789 559 3845 Weber
576 3805 607 3844 eo
622 3790 725 3859 fretelli,
742 3807 783 3844 wo
800 3807 853 3845 cac
870 3790 941 3860 eobo,

453 3877 515 3931 Her
531 3876 705 3946 Morpcotcm
723 3876 888 3946 malicorio,

456 3961 488 4016 in
504 3961 585 4016 discr
600 3961 728 4032 plitzripc
747 3961 975 4017 Himmelotracbt

453 4047 486 4101 ia
504 4047 583 4102 discr
598 4047 728 4118 pristimo
744 4047 833 4102 Lackc
850 4047 962 4117 Procli,

453 4133 507 4188 mit
523 4132 607 4187 dinen
624 4134 702 4203 Asopo
720 4132 795 4187 cblor
812 4133 871 4187 aad
888 4133 953 4187 blau

454 4218 514 4274 aad
530 4219 608 4287 safer
623 4217 773 4288 promotes
791 4217 831 4272 im
848 4217 1035 4288 Morpctboto?

234 4301 256 4371 ²)
273 4304 306 4359 V.
325 4319 408 4374 supro
425 4320 488 4374 pag.
506 4304 549 4358 21.
729 4302 750 4371 ⁸)
768 4302 846 4357 Idem
863 4303 878 4357 I
896 4302 961 4358 eol:
986 4300 1096 4358 Veneria
1113 4301 1224 4358 oolobn
1240 4301 1325 4359 sidua
