3292 4958
241 339 303 403 126
690 335 839 391 Guilelmus
857 336 965 391 Gundel
1362 336 1422 424 [34

240 505 355 590 stellis,
368 525 504 587 quarum
516 506 679 571 interdum
691 511 906 571 numerantur
917 505 1047 589 viginti,
1065 505 1285 586 compositum.
1309 507 1372 573 Sed
1388 507 1417 573 si

239 609 414 690 imaginem
434 608 531 675 huius
553 606 671 675 sideris
690 610 929 690 contemplatus
957 608 1031 690 eris,
1052 607 1150 674 facile
1173 595 1422 676 animadvertes

239 711 448 777 artificiosam
464 730 535 776 esse
548 730 619 776 eam
635 729 742 790 neque
758 730 950 791 quemquam
963 729 1082 793 eorum,
1098 711 1154 790 qui
1166 710 1266 792 prisci
1282 710 1417 777 fuerunt

239 814 391 896 homines,
415 813 662 879 constellatione
678 814 747 879 sola
767 813 886 878 adduci
909 813 1065 896 potuisse,
1088 820 1125 878 ut
1141 832 1213 879 eam
1228 815 1416 895 appellaret

238 916 427 982 caniculam.
470 915 552 981 Fuit
574 916 678 998 igitur
702 916 768 981 alia
792 935 901 997 causa,
931 935 1016 997 quae
1038 914 1176 981 moverit
1199 915 1281 999 illua,
1304 936 1416 997 quam-

238 1037 301 1100 que
334 1019 430 1084 hodie
464 1038 591 1100 quoque
622 1019 856 1100 perspicimus,
890 1019 918 1083 si
951 1024 1142 1099 reputamus
1174 1019 1263 1084 illius
1297 1019 1420 1084 sideris

238 1121 367 1186 stellam
390 1124 553 1201 quandam
576 1121 776 1202 singularem
799 1139 915 1186 nomen
937 1121 1021 1185 illud
1036 1121 1199 1186 habuisse.
1244 1120 1343 1186 Cuius
1365 1122 1418 1187 rei

237 1224 335 1289 testis
353 1229 405 1288 est
419 1224 505 1289 idern
520 1224 673 1306 Hyginus
692 1225 767 1289 1.s.:
790 1225 878 1286 cauis
895 1222 982 1286 babet
1000 1224 1036 1286 ia
1051 1224 1161 1304 itaquo
1177 1221 1296 1288 stellam
1311 1243 1420 1305 naam,

237 1346 316 1406 quoe
341 1328 428 1390 canis
456 1327 638 1407 appellatur.
683 1327 777 1392 Unde
808 1327 1035 1418 concludemus
1066 1326 1304 1406 antiquissimis
1335 1332 1415 1392 tem-

236 1429 369 1511 poribus
392 1429 523 1494 stcllam
545 1429 746 1510 singularem
776 1429 825 1494 ita
855 1428 976 1493 dictam
1007 1428 1118 1510 fuisse,
1150 1428 1267 1493 deinde
1298 1434 1419 1511 autem,

236 1551 308 1597 cum
331 1531 428 1598 huius
451 1533 590 1597 nominis
614 1551 714 1597 causa
736 1533 801 1596 iam
828 1550 892 1596 non
915 1531 1172 1614 intellegeretur,
1195 1530 1286 1596 sidus
1308 1537 1415 1598 totum

236 1635 451 1701 adinventum
482 1653 561 1699 esse.
614 1634 750 1700 Stellam
780 1639 891 1700 autem
927 1634 1020 1699 illam
1057 1633 1158 1699 etiam
1194 1634 1229 1698 in
1259 1633 1361 1698 Italia
1395 1654 1415 1699 a

236 1737 353 1818 priscis
367 1736 499 1802 Latinis
523 1738 729 1804 observatam
748 1757 819 1803 esse
836 1757 894 1818 per
909 1756 944 1801 se
959 1743 1067 1817 patet:
1091 1736 1312 1802 fervidissimo
1329 1735 1415 1802 enim

237 1839 315 1905 anni
338 1845 483 1919 tempore
513 1840 601 1904 horis
623 1840 795 1905 matutinis
818 1842 906 1905 clare
936 1840 1084 1904 exoriens
1114 1839 1231 1904 summi
1260 1839 1418 1904 momenti

236 1946 309 2006 erat
337 1941 500 2023 agricolis,
529 1941 585 2020 qui
614 1942 712 2022 primi
735 1943 893 2007 Italorum
922 1943 1038 2007 stellas
1067 1941 1268 2026 noverunt.¹)
1325 1941 1416 2024 Quos

237 2043 337 2108 etiam
360 2062 452 2108 suam
483 2044 736 2124 appellationem
757 2044 866 2109 lucido
896 2044 997 2109 sideri
1026 2044 1187 2110 indidisse
1217 2043 1415 2126 putaverim.

236 2147 319 2212 Nam
341 2146 370 2211 si
396 2146 539 2212 Graecos
566 2147 672 2212 secuti
696 2152 813 2228 essent,
835 2166 899 2212 nou
922 2147 1130 2229 habuissent,
1161 2167 1219 2212 cur
1247 2166 1307 2228 pro
1328 2146 1418 2208 κύων·

234 2254 395 2330 ponerent
423 2268 539 2314 nomen
563 2250 799 2317 deminutivum
830 2250 1020 2333 caniculam,
1051 2255 1085 2316 et
1108 2269 1211 2333 genus
1234 2249 1266 2315 ei
1294 2251 1412 2314 darent

234 2371 291 2433 pro
314 2352 493 2418 masculino
523 2352 723 2419 femininum.
775 2353 845 2419 Hoc
869 2353 955 2418 enim
985 2372 1115 2418 monere
1144 2352 1259 2435 liceat,
1288 2351 1414 2417 similes

234 2455 403 2520 stellarum
417 2455 654 2537 appellationes
666 2475 730 2521 non
742 2456 927 2521 necessario
941 2458 1130 2537 desumptas
1143 2473 1215 2520 esse
1226 2454 1415 2520 esimilibus

234 2563 420 2624 exterarum
442 2559 620 2624 nationum.
665 2559 786 2640 Quodsi
813 2558 955 2641 fuerunt,
979 2559 1035 2638 qui
1056 2559 1198 2623 Graecos
1220 2558 1272 2621 τὸν
1290 2558 1369 2620 κύνα
1391 2576 1411 2621 a

233 2661 408 2726 Chaldaeis
427 2661 482 2727 vel
498 2661 673 2744 Aegyptiis
688 2663 742 2727 vel
757 2661 892 2727 Seribus
906 2661 932 2744 2)
955 2665 1122 2726 mutuatos
1146 2679 1218 2726 esse
1233 2660 1413 2742 edicerent,

234 2762 258 2826 ii
280 2762 419 2828 refutati
442 2769 520 2828 sunt
542 2783 562 2828 a
584 2763 647 2827 Fr.
671 2763 765 2829 Boll
788 2762 928 2844 Spbuera
950 2782 979 2843 p.
1003 2765 1073 2829 180.

571 3019 590 3086 Ι.
624 3019 667 3088 lle
691 3019 860 3089 caniculae
884 3020 1074 3089 nominibus.

322 3169 483 3254 Cuniculo,
506 3192 541 3234 ae
563 3170 635 3236 fem.
658 3190 730 3252 gen.
754 3173 826 3238 Vox
851 3173 990 3254 primum
1018 3172 1160 3238 occurrit
1183 3172 1345 3239 Ciceronis
1376 3178 1410 3238 et

233 3274 392 3340 Varronis
414 3274 624 3355 temporibus.
669 3274 817 3341 Ciceroni
847 3276 984 3356 antiquo
1013 3295 1100 3341 more
1130 3275 1229 3342 stella
1258 3281 1317 3358 est,
1346 3295 1411 3342 non

233 3377 333 3442 sidus.
377 3377 537 3458 Exempla
559 3377 693 3444 afferam
716 3381 756 3445 de
779 3378 843 3445 div.
866 3379 883 3443 Ι
907 3380 983 3444 13οι
1020 3378 1092 3444 Ceos
1115 3380 1288 3461 arcemanus
1309 3383 1410 3442 ortum

232 3480 391 3543 cumbulae
405 3479 567 3561 diligenter
582 3483 749 3561 quotannis
759 3482 855 3545 solere
868 3501 990 3544 servare
1002 3529 1009 3544 .
1023 3533 1029 3545 .
1042 3533 1049 3546 .
1064 3483 1092 3544 si
1107 3481 1264 3544 obscurior
1277 3486 1306 3545 et
1320 3481 1414 3561 quasa*

232 3583 401 3663 caliginosa
423 3582 545 3646 stello
568 3584 725 3660 exstiterit,
744 3585 864 3665 pingue
884 3589 912 3646 et
927 3589 1099 3646 concretum
1118 3602 1180 3646 esse
1200 3583 1317 3645 caelum
1334 3631 1340 3645 .
1357 3631 1364 3647 .
1383 3600 1411 3656 .‚·

230 3686 282 3747 sin
296 3685 441 3748 inlustris
463 3690 491 3746 et
500 3685 664 3764 perlucida
678 3687 759 3749 stol
767 3686 806 3748 la
826 3686 1016 3768 apparuerit,
1030 3686 1202 3767 significari
1216 3684 1333 3746 coelum
1347 3702 1411 3745 esse

231 3792 334 3869 tenum
362 3805 427 3852 non
457 3787 635 3869 distinguit
658 3789 698 3851 de
723 3787 794 3852 fato
819 3790 874 3852 12:
896 3788 995 3867 siquis
1017 3790 1132 3852 oriente
1152 3786 1294 3850 caumata
1315 3789 1412 3849 nutus

231 3894 282 3966 est,
305 3891 341 3953 ia
357 3891 439 3952 murt
467 3908 531 3952 noa
555 3890 710 3954 mombar.
753 3891 800 3955 At
815 3891 921 3955 Varro
940 3888 1006 3954 iam
1030 3892 1071 3956 de
1093 3891 1129 3956 si
1137 3909 1216 3971 gno
1239 3889 1408 3955 caniculae

320 4061 339 4131 ¹)
357 4061 450 4128 Neque
468 4060 540 4113 enim
558 4075 591 4114 ex
610 4074 648 4126 eo,
666 4059 736 4125 quod
755 4059 861 4127 saepius
880 4061 1062 4114 Romanorum
1086 4059 1140 4114 viri
1161 4060 1233 4114 docti
1251 4060 1284 4114 de
1301 4065 1364 4114 ortu
1381 4065 1410 4114 et

231 4162 326 4201 occasu
350 4146 488 4200 caniculae
512 4151 612 4214 errant,
637 4147 782 4214 quidquam
809 4148 843 4202 do
866 4148 924 4202 aius
949 4148 1054 4216 origine
1072 4146 1217 4216 peregrina
1243 4146 1412 4201 concludam.

230 4230 307 4297 Quod
327 4230 392 4284 fecit
410 4232 499 4285 Idcler
516 4232 533 4285 l.
552 4233 569 4285 l.
588 4248 613 4298 p.
633 4231 690 4286 242.

317 4317 338 4385 ⁹]
356 4317 414 4371 Hoc
431 4317 542 4373 volebat
559 4317 589 4373 0.
608 4318 728 4374 Keller
755 4319 833 4374 Tiere
851 4319 896 4373 des
913 4317 1077 4372 blossiscbca
1095 4319 1249 4372 Attertumo
1274 4333 1336 4385 pag.
1350 4314 1411 4369 190.
