3292 4958
230 364 295 429 210
680 363 832 419 Guilelmus
850 363 956 418 Gundei
1334 360 1412 448 [118

317 533 512 599 Notissimus
534 552 614 599 vero
643 533 814 598 stellarum
843 538 950 599 motus
980 532 1068 616 esest)
1098 532 1155 613 qui
1179 532 1284 600 variis
1307 531 1412 598 modis

230 635 432 717 exprimitur.
492 635 618 718 Quibus
657 635 786 701 dicendi
815 634 964 700 formulis
1000 635 1149 701 omnibns
1177 635 1213 700 id
1242 653 1411 700 commune

229 738 370 820 videtur,
392 740 476 818 quod
492 737 589 804 hodie
603 737 697 803 nobis
712 744 881 818 poetarum
897 738 992 802 flores
1014 737 1178 818 uidentur,
1200 737 1276 803 olim
1299 741 1410 802 autem

230 840 265 906 in
287 859 434 906 sermone
456 839 568 920 populi
590 859 656 906 non
670 826 881 905 tralationem
898 842 1060 919 quandam
1075 841 1134 905 sed
1155 838 1320 921 propriam
1342 839 1410 906 vim

229 943 425 1008 habuerunt.
470 945 581 1023 Atque
602 941 742 1024 primum
765 941 895 1023 quidem
917 941 1033 1007 stellae
1057 951 1166 1008 eunt..
1217 941 1310 1024 Quod
1339 946 1410 1007 tam

181 1098 183 1102 .
229 1063 329 1126 saepe
351 1045 485 1128 legitur,
513 1049 552 1110 ut
574 1063 674 1111 unum
703 1044 884 1125 exemplum
907 1043 1060 1110 attulisse
1089 1043 1242 1109 sufficiat.
1286 1043 1411 1109 Seneca

230 1147 312 1213 dicit
335 1149 375 1213 de
398 1146 563 1213 sideribus
586 1149 627 1212 de
649 1146 756 1213 benef.
770 1147 819 1212 VI
834 1148 892 1211 22:
915 1167 1000 1209 nuuc
1020 1147 1152 1210 alternis
1173 1152 1247 1210 euut
1267 1145 1410 1209 redeuut-

230 1269 290 1333 que
311 1251 474 1329 oportunis
496 1249 686 1313 libramentis
708 1300 716 1313 .
738 1300 745 1315 .
762 1255 859 1336 vatque
880 1255 951 1312 caut
969 1250 1004 1312 iu
1019 1269 1120 1311 uuum
1134 1250 1240 1313 omuio
1255 1299 1263 1314 .
1278 1299 1286 1314 .
1301 1299 1309 1314 .
1324 1255 1411 1312 cuut-

231 1372 288 1436 que
309 1353 372 1415 isto
393 1356 448 1415 tuo
469 1351 602 1436 causat)
646 1352 702 1416 Ita
725 1351 860 1417 cottidie
882 1351 977 1433 ignes
1000 1352 1161 1416 caelestes
1182 1351 1314 1433 longum
1343 1350 1411 1416 iter

229 1454 412 1536 perficiunt.
464 1453 557 1536 Quod
586 1455 834 1519 considerantes
862 1459 979 1534 poetae
1010 1454 1158 1519 diversas
1186 1472 1241 1519 res
1270 1454 1412 1519 laudare

232 1561 400 1639 poterant:
422 1562 481 1622 aut
503 1557 646 1622 siderum
669 1561 822 1621 naturam
845 1556 1029 1637 caelestem,
1051 1575 1136 1637 quae
1158 1574 1331 1636 numquam
1354 1557 1409 1622 de·

230 1659 401 1742 fatigatur,
423 1665 481 1725 aut
503 1659 634 1724 itineris
657 1659 824 1741 ambitum,
854 1659 909 1740 qui
940 1658 995 1725 vel
1023 1659 1138 1724 stellas
1161 1658 1268 1725 lassas
1290 1658 1411 1724 reddit.

230 1761 412 1843 Utriusque
427 1761 566 1829 rationis
581 1762 730 1843 exempla
745 1766 877 1842 praesto
899 1766 985 1827 sunt.
1015 1761 1142 1827 Aether
1157 1760 1279 1827 dicitur
1293 1779 1411 1841 rapere

230 1864 388 1945 indefesso
410 1865 551 1928 uoluentis
572 1865 675 1928 suero
698 1865 811 1927 muudi
840 1865 949 1948 (earm.
973 1866 1013 1929 de
1043 1864 1241 1945 ponderibus
1262 1863 1357 1928 PLM
1379 1864 1411 1929 V

231 1984 304 2047 pag.
328 1968 368 2030 72
390 1984 422 2031 v.
443 1967 485 2050 5),
515 1969 573 2031 sed
595 1967 704 2031 altera
727 1986 768 2031 ex
797 1972 893 2046 parte
915 1967 1020 2030 omniu
1039 1968 1123 2047 fesso
1144 1967 1248 2029 domat
1269 1967 1411 2030 coelestio

230 2067 336 2132 sidero
364 2073 491 2131 somma
513 2068 698 2153 (Aegritud.
714 2068 890 2134 Perdiccae
912 2069 1004 2134 PLM
1027 2069 1057 2134 V
1083 2088 1157 2150 pag.
1181 2071 1243 2134 117
1272 2088 1304 2135 v.
1327 2068 1412 2152 108).

230 2171 342 2250 Atque
364 2171 425 2236 hoc
447 2170 576 2251 quidem
599 2171 735 2236 Graecis
758 2170 872 2236 deberi
902 2170 1044 2255 videtur,
1074 2171 1130 2252 qui
1160 2172 1275 2237 stellas
1305 2172 1411 2236 eundo

230 2273 335 2339 fessas
357 2274 392 2340 iu
414 2273 558 2339 Taenari
579 2273 802 2355 promunturio
824 2273 969 2340 residere
998 2275 1164 2356 putabant
1193 2277 1281 2340 teste
1303 2274 1411 2339 Statio

231 2374 346 2462 (Theb.
368 2377 405 2442 Π
426 2377 497 2462 35):

385 2518 454 2580 stat
477 2514 625 2580 sublimis
648 2535 732 2597 apex
754 2520 934 2595 ventosque
956 2503 1143 2595 imbresque
1166 2532 1302 2579 serenus

385 2618 526 2699 despicit
549 2623 584 2683 et
605 2622 735 2683 tantum
759 2618 856 2683 fessis
878 2617 1035 2682 insiditur
1057 2617 1195 2699 astrici)

232 2757 285 2819 Ad
299 2758 385 2819 hunc
396 2760 540 2819 meatum
552 2755 693 2819 siderum
706 2754 875 2836 pertinent
887 2773 927 2819 ea
939 2730 1066 2834 quoque
1081 2753 1263 2835 enuntiata,
1275 2771 1357 2833 quae
1370 2755 1410 2819 de

318 2974 338 3042 1)
356 2975 411 3029 Ubi
429 2980 504 3030 nstra
521 2975 650 3029 dicuntur
671 2975 774 3029 stantia
798 2976 856 3029 sive
879 2975 952 3029 eaelo
976 2975 1066 3044 affixa,
1091 2992 1197 3044 semper
1219 2975 1276 3029 iere
1299 2980 1409 3030 tentum

232 3058 348 3113 erratica
365 3075 418 3113 non
436 3075 495 3114 osse
512 3059 692 3129 significatur.
728 3060 798 3114 Nam
815 3060 996 3114 Romanorum
1015 3070 1058 3115 est
1078 3061 1168 3129 opinio
1186 3060 1279 3115 stellas
1298 3076 1351 3113 non
1368 3076 1410 3115 re·

231 3160 339 3199 manere
356 3144 477 3200 interdiu
494 3145 523 3200 in
535 3146 608 3199 caelo
620 3146 667 3200 sed
685 3146 768 3200 solem
780 3146 919 3215 fugientes
936 3146 1040 3200 desolo
1058 3146 1170 3201 caelesti
1181 3147 1317 3200 decedere.
1352 3146 1410 3200 Hoc

229 3229 298 3284 satis
316 3237 429 3299 apparet
446 3247 481 3285 ex
498 3231 649 3286 enuntiatis
673 3231 770 3299 quibus
795 3247 904 3286 occasus
927 3232 1097 3300 exprimitur.
1138 3232 1179 3286 De
1203 3231 1245 3285 his
1269 3237 1410 3298 tamqnam

230 3316 396 3370 transeundo
423 3332 544 3371 moneam
571 3333 614 3372 me
640 3317 769 3372 fusiorem
796 3334 849 3371 non
876 3317 974 3385 tuisse,
1006 3317 1133 3384 quoniam
1165 3317 1244 3385 plura
1273 3315 1411 3385 congessit

230 3402 262 3456 B.
282 3402 429 3457 Winand
451 3398 648 3459 Vocabulorum
672 3420 741 3472 quoe
763 3402 801 3457 aa
818 3407 933 3458 mortem
951 3406 1077 3472 epeotout
1092 3402 1219 3472 bistorio,
1243 3402 1306 3455 diss.
1325 3401 1410 3454 idcrb.

232 3487 299 3541 1906
316 3505 342 3556 p.
355 3488 452 3556 orsqq.
466 3519 498 3527 -
511 3490 605 3556 Neque
623 3505 687 3544 vero
706 3490 806 3544 desunt
823 3490 948 3557 exempla
966 3489 1013 3542 ubi
1025 3505 1121 3543 revera
1134 3494 1162 3542 et
1174 3487 1294 3542 interdiu
1313 3487 1410 3541 stellae

231 3572 260 3627 in
278 3575 352 3628 caelo
364 3579 470 3628 stantes
489 3574 624 3642 dicuntur,
642 3574 767 3643 inprimis
779 3575 991 3642 septentrionem
1010 3574 1087 3627 cuius
1104 3573 1236 3641 opinionis
1255 3571 1411 3626 testimonie

231 3674 313 3728 snpra
337 3674 400 3728 pag.
420 3660 498 3727 iisq.
516 3667 675 3715 enumerata
693 3667 765 3714 sunt.
806 3660 1015 3727 Nonnumquam
1039 3665 1068 3714 et
1085 3659 1155 3713 aliae
1173 3660 1269 3714 stellae
1286 3659 1315 3712 in
1336 3657 1410 3712 caelo

231 3750 402 3799 remanentes
431 3745 477 3799 sed
507 3745 571 3799 solis
592 3746 733 3814 splendore
757 3745 871 3799 obrutae
894 3745 1036 3813 dicuntur,
1066 3739 1136 3812 qiuae
1159 3744 1249 3798 sabim
1273 3744 1410 3798 elucentes

231 3829 440 3896 conspiciuntur.
476 3831 557 3885 Libet
574 3831 655 3885 huius
672 3830 806 3899 opinionis
824 3835 923 3885 testem
935 3831 1089 3899 Vergilium
1107 3830 1210 3897 aiferro,
1230 3829 1277 3896 qui
1290 3833 1356 3883 Aen.
1369 3829 1410 3882 IX

231 3914 266 3968 20
283 3914 363 3970 dicit:
386 3914 506 3970 untedium
528 3914 605 3969 rideo
628 3915 761 3969 discedere
785 3916 889 3970 coetum
910 3917 914 3984 Ι
934 3916 1109 3984 poioutisque
1121 3917 1187 3984 poio
1204 3915 1305 3970 stelias.
1340 3913 1411 3969 Vide

231 4000 315 4054 etiam
333 3999 408 4054 Serv.
427 4001 546 4055 adden.
565 4001 593 4054 II
612 4001 670 4055 152.
706 4001 836 4056 Similiter
853 4009 982 4056 narratur
1000 4018 1016 4055 a
1033 4002 1176 4057 Germanis
1194 4002 1286 4056 eodem
1304 4014 1411 4068 semper

231 4084 288 4139 loco
305 4086 398 4140 sedere
415 4086 505 4140 sidera
522 4101 608 4154 eaque
625 4086 654 4140 in
673 4087 747 4141 sellis
765 4087 863 4154 aureis,
881 4104 907 4142 u.
925 4088 952 4142 J.
970 4087 1097 4141 Grimm
1115 4089 1133 4142 l.
1149 4103 1170 4140 c.
1189 4103 1253 4156 pag.
1271 4085 1330 4139 584.

318 4169 340 4238 ⁹)
360 4172 401 4225 Ad
426 4173 538 4226 eandem
563 4172 757 4241 cogitationem
782 4179 909 4242 spectant
932 4173 1077 4228 enuntiata
1100 4174 1191 4228 velut:
1221 4173 1339 4225 muriunt
1362 4170 1413 4226 Or.

232 4253 306 4310 Fast.
325 4256 368 4309 111
387 4257 443 4327 111,
462 4274 560 4311 cursus
577 4260 665 4326 opum
682 4260 742 4313 Sen.
761 4259 840 4312 Here.
859 4261 911 4314 tur.
930 4259 989 4312 929.

319 4339 339 4409 ³)
357 4341 427 4396 Vide
444 4343 510 4410 quid
528 4342 560 4398 de
578 4343 699 4398 Ianiculo
717 4360 799 4412 supra
816 4360 880 4413 pag.
899 4344 950 4398 115
967 4345 1028 4398 adn.
1047 4344 1064 4395 ὁ
1081 4342 1204 4398 dixerim.
