3292 4958
643 1434 817 1500 oan'r
848 1432 1095 1499 TERTIVM

577 1606 641 1685 De
667 1605 809 1686 stellis
835 1606 883 1684 in
908 1604 1162 1683 universum

437 1725 490 1806 de
523 1725 666 1805 stellis
700 1725 952 1804 cadentibus
978 1724 1021 1803 et
1048 1722 1308 1802 cincinnatis

606 1867 685 1924 nec
711 1867 800 1923 non
827 1844 879 1924 de
905 1844 979 1923 via
1004 1843 1144 1923 lactea

533 2034 553 2128 5
580 2043 611 2109 1.
647 2040 707 2108 De
736 2039 866 2108 stellis
893 2040 938 2107 in
964 2039 1218 2108 universum.
1280 2052 1284 2058 ·

370 2203 592 2270 Flammarum
601 2202 794 2268 caelestium
805 2203 938 2268 nomina
946 2201 1128 2267 communia
1138 2202 1465 2269 habueruntveteres

283 2306 425 2372 Romani
439 2306 537 2372 haec:
560 2306 675 2372 stellas
701 2310 795 2370 astra
813 2305 909 2387 signa
929 2305 1078 2389 sidera.¹)
1118 2304 1207 2385 Quas
1223 2302 1463 2386 appellationes

284 2409 439 2490 deinceps
462 2410 712 2476 consideremus,

371 2511 518 2596 Stella,
533 2532 597 2575 -ae
607 2511 697 2577 fem:
714 2512 801 2577 unde
817 2509 998 2578 derivanda
1013 2514 1102 2575 esset
1114 2507 1232 2577 vocula
1246 2506 1385 2574 Romani
1397 2507 1465 2589 ipsi

285 2615 342 2696 qui
371 2614 606 2696 imperatorum
640 2619 751 2679 aetate
780 2616 820 2679 de
849 2632 889 2678 ea
918 2612 1153 2693 quaesiverunt
1185 2612 1276 2677 haud
1305 2609 1466 2679 sciebant.

285 2717 386 2782 Cuius
408 2717 458 2782 rei
477 2716 575 2782 testis
595 2716 738 2781 disertus
754 2721 805 2781 est
826 2715 1050 2797 Quintilianus
1073 2714 1129 2795 qui
1151 2714 1232 2780 dicit
1253 2713 1359 2779 instit.
1381 2718 1465 2779 orat

285 2819 303 2883 Ι
325 2820 353 2901 6,
376 2819 433 2884 35;
455 2820 501 2881 sic
522 2820 731 2900 perveniemus
746 2838 779 2880 eo
794 2837 891 2901 osque
905 2824 941 2880 at
954 2817 1042 2881 stello
1062 2817 1190 2881 laminis
1204 2817 1289 2881 stilla
1311 2815 1463 2898 crederer,

284 2922 375 2983 euius
395 2919 590 3002 etymolope'ae
608 2926 765 2983 caderem
787 2921 908 2984 claram
931 2939 1007 2983 scae
1020 2921 1054 2983 c'a
1077 2921 1185 2984 litteras
1200 2920 1357 2983 nominari
1377 2920 1412 2982 c'a
1428 2938 1464 2982 ea

281 3027 380 3106 porte,
411 3043 474 3106 quo
503 3043 524 3085 c
553 3042 599 3086 me
627 3022 877 3106 reprehenditur,
905 3021 1112 3086 inhumanam
1142 3022 1222 3107 est.²)
1273 3023 1345 3088 Hoc
1374 3020 1464 3087 docti

284 3127 453 3192 cuiusdam
475 3125 683 3207 grammatici
705 3125 921 3206 veriloquium
943 3144 1012 3192 rem
1035 3144 1096 3190 acu
1126 3144 1191 3191 non
1221 3125 1375 3207 tetigisse
1404 3142 1465 3205 per

284 3247 320 3295 se
336 3232 438 3311 patet.
460 3228 552 3293 Idem
567 3229 658 3295 valet
674 3231 714 3294 de
730 3228 960 3312 originatione,
976 3247 1074 3309 quam
1090 3226 1262 3309 proferunt
1276 3226 1464 3293 Martianus

285 3330 419 3413 Capella
441 3331 602 3397 Vss1817
626 3337 661 3396 et
675 3330 810 3398 Servius
833 3332 868 3397 in
890 3335 971 3398 Aen.
987 3332 1017 3396 V
1032 3332 1083 3412 42,
1106 3330 1163 3411 qui
1182 3330 1296 3396 stellas
1318 3328 1464 3395 asceaco

285 3434 488 3518 deducuntss)
511 3452 658 3499 necnon
680 3436 721 3500 de
743 3433 886 3516 Vergilii
908 3431 1116 3517 grammatici
1126 3434 1153 3517 ⁴)
1176 3432 1384 3517 etymologia,
1407 3431 1464 3513 qui

373 3605 391 3672 ¹)
409 3604 454 3657 Ad
472 3619 541 3672 quae
559 3605 693 3659 accedunt
709 3609 850 3672 poetarum
867 3603 982 3659 inventa
1005 3602 1079 3673 epate
1095 3603 1210 3672 flamma
1228 3602 1277 3657 loe
1295 3604 1394 3658 lumen.

371 3687 392 3757 ²)
411 3688 469 3742 Alii
500 3689 584 3743 alium
616 3689 799 3758 opinabantur
836 3689 879 3743 his
909 3689 1000 3745 verbis
1034 3690 1150 3744 refutari
1184 3690 1263 3744 velut
1291 3691 1465 3744 Burmannus

284 3775 475 3829 Palaemonem
500 3774 536 3843 (v.
559 3781 801 3830 commentatorum
831 3775 1020 3830 adnotationes
1044 3776 1080 3829 ad
1103 3776 1175 3830 hunc
1198 3775 1305 3842 locum).
1346 3774 1399 3829 Sed
1420 3788 1465 3829 res

283 3861 389 3915 incerta
412 3861 536 3929 videtur,
561 3860 688 3927 quoniam
712 3861 882 3929 argumentis
906 3860 968 3915 aliis
998 3861 1186 3916 deficientibus
1209 3868 1347 3916 auctorem
1371 3875 1465 3914 eruere

283 3961 337 4001 non
354 3962 504 4015 possumus.

371 4030 392 4098 ⁸)
410 4031 516 4101 Quippe
534 4047 604 4099 quae
616 4031 645 4087 in
657 4033 731 4087 caelo
743 4032 813 4087 fixae
831 4036 913 4086 stent.
931 4033 981 4086 hoe
993 4032 1095 4101 repetit
1106 4033 1227 4087 Isidorus
1239 4032 1315 4102 Orig.
1329 4030 1425 4101 11170,
1438 4030 1464 4086 3.

283 4116 403 4171 Similem
421 4117 477 4172 vim
490 4116 589 4172 tribuit
600 4118 681 4172 verbo
699 4118 731 4172 Ε.
744 4118 778 4172 Η.
790 4117 918 4186 Meyer,
937 4119 984 4186 qui
996 4118 1026 4173 in
1038 4118 1258 4173 adnotationibus
1271 4119 1307 4172 ad
1320 4118 1346 4172 J.
1360 4116 1464 4172 Grimm

283 4202 384 4257 librum
402 4202 510 4270 saepius
527 4203 670 4258 laudatum
695 4203 790 4257 stellas
808 4205 830 4271 a]
848 4202 961 4258 ridendo
985 4204 1147 4259 derivandos
1171 4219 1229 4258 esse
1247 4202 1388 4260 contendit
1410 4201 1466 4272 (III

283 4303 346 4357 pag.
365 4287 435 4356 204).
641 4288 663 4357 ⁴)
681 4288 799 4356 Epitom.
817 4307 843 4359 p.
861 4289 903 4358 85,
922 4290 978 4344 911.
