3292 4958
230 389 289 479 97]
456 389 498 444 De
515 390 657 445 stellarum
675 390 855 458 appellatione
874 394 902 446 et
919 389 1052 460 religione
1069 390 1192 446 Romana
1349 392 1412 459 189

231 562 375 629 officium
397 564 586 629 accuratius
609 561 825 645 advergilias
842 561 929 628 idem
945 562 1094 628 adnectit
1111 563 1187 630 Nat.
1201 562 1278 630 hist.
1293 564 1413 630 XVIII

233 667 313 731 223:
335 666 517 747 iacipo'emas
538 686 557 727 a
579 664 759 728 sementibus
778 666 933 745 frameati
952 664 1006 727 boc
1021 672 1064 728 est
1083 667 1283 746 vergiliarum
1305 687 1413 730 occasa

234 767 424 852 matutinos)
469 767 516 832 ut
539 766 697 832 discernit
726 767 845 832 XVHI
873 768 930 833 49:
960 767 1100 850 hiberna,
1132 788 1212 852 qaae
1241 770 1322 833 cirea
1347 790 1412 832 oer-

231 871 384 951 po'b'aram
400 889 542 933 occasum
556 874 623 932 sata
638 875 723 932 terra
735 869 929 951 partiemem
940 872 1135 953 nutriantur,
1147 873 1338 954 attritorum,
1348 871 1414 952 far,

231 972 399 1053 beraeam
421 973 543 1052 aestiva,
566 992 644 1054 qaae
659 978 769 1035 aestate
791 977 863 1035 cata
876 973 1078 1055 aergolmram
1093 979 1233 1037 comtum
1255 981 1413 1052 serantur,

234 1082 271 1138 11
299 1075 439 1156 mittam,
467 1075 626 1156 ponerem,
656 1076 774 1157 samma,
795 1073 983 1157 horariarum,
1012 1076 1083 1156 irio,
1117 1074 1231 1138 Itoliae
1251 1074 1417 1139 dumtaxat

234 1179 308 1242 ritu.
346 1176 408 1241 His
424 1174 534 1242 verbis
549 1178 713 1242 commode
728 1194 895 1241 monemur
909 1195 973 1242 non
988 1177 1090 1242 solum
1106 1177 1249 1243 Graecos
1263 1182 1415 1243 auctores

235 1278 357 1359 respici
380 1297 401 1342 1
426 1277 571 1361 Pliniol)
626 1278 689 1343 Sed
712 1282 846 1358 praeter
867 1278 1034 1344 frumenta
1064 1279 1163 1344 etiam
1185 1279 1352 1362 legumina
1374 1281 1416 1344 ad

236 1380 393 1462 vergilias
420 1385 574 1445 seruntur
604 1379 690 1465 (Nat
723 1379 798 1445 hist.
828 1380 947 1446 XVIII
977 1381 1069 1465 120),
1099 1386 1133 1446 et
1162 1382 1291 1447 omnino
1320 1381 1417 1448 varia

237 1483 373 1565 negotia
395 1482 521 1548 rustica
536 1502 577 1548 ex
596 1483 829 1548 observatIone
851 1483 1066 1565 vergiliarum
1090 1484 1257 1564 descripta
1279 1489 1364 1565 sunt,
1386 1503 1417 1549 v.

238 1586 420 1651 Varronem
444 1587 484 1649 de
506 1604 542 1649 re
564 1589 646 1650 rust.
668 1585 704 1649 Π
727 1586 777 1666 11,
800 1587 837 1650 4:
866 1605 988 1648 caecam
1009 1586 1114 1666 facere
1134 1587 1289 1666 iactatam
1311 1607 1331 1649 a
1352 1607 1417 1649 oer-

233 1687 324 1771 pr'le'o's
344 1689 448 1750 cerate
461 1688 575 1749 exortis
596 1686 638 1749 od
658 1688 787 1750 aestiuas
808 1688 962 1768 oerptttos.
1007 1687 1128 1768 Apium
1149 1689 1252 1754 omnis
1280 1689 1417 1767 cultura,

239 1795 277 1855 ut
300 1790 388 1870 apud
410 1789 562 1871 Graecos,
572 1788 598 1872 8)
627 1791 671 1853 ad
699 1789 915 1871 vergiliarum
944 1789 1105 1855 stationes
1135 1790 1314 1872 composita
1347 1796 1419 1857 erat

236 1893 358 1975 (Varro
384 1893 425 1956 de
454 1910 490 1956 re
519 1895 598 1957 rust.
632 1891 686 1956 III
710 1893 766 1974 16,
799 1892 885 1957 Plin.
914 1892 1095 1977 Ν11.1111.
1125 1893 1177 1957 XI
1207 1895 1264 1975 43;
1299 1893 1419 1959 Colum.

241 1997 282 2059 de
297 2014 334 2060 re
349 1998 431 2059 rust.
446 1994 498 2058 IX
512 1992 616 2077 14,1),
637 1993 754 2059 vitium
777 1998 812 2059 et
829 1993 972 2059 olearum
996 2013 1076 2060 cura
1090 1994 1234 2075 itemque
1256 1994 1421 2061 vindemia

235 2098 353 2162 eadem
376 2095 505 2161 ratione
535 2095 774 2162 instituebatur
803 2096 898 2178 (Plin.
921 2097 997 2162 Nat.
1024 2096 1100 2163 hist.
1130 2098 1231 2163 XVII
1254 2100 1325 2181 130,
1349 2099 1420 2179 188,

238 2199 359 2265 XVIII
381 2200 468 2280 319),
490 2200 577 2264 unde
600 2199 646 2280 fit,
668 2204 705 2263 ut
724 2200 850 2265 vitibus
866 2199 1013 2280 oleisque
1035 2201 1152 2267 favens
1175 2200 1265 2266 sidus
1288 2201 1421 2266 dicatur

239 2302 316 2367 Nat.
339 2300 414 2365 hist.
435 2300 517 2365 XVI
534 2301 612 2382 1043
635 2300 664 2365 si
687 2305 798 2365 autem
817 2299 1000 2366 orientibus
1022 2301 1173 2383 vergiliis
1195 2302 1291 2384 pluit,
1313 2301 1420 2366 immi-

241 2403 406 2468 cissimum
423 2407 457 2466 et
472 2401 536 2467 viti
559 2407 594 2466 et
608 2402 699 2467 oleae
722 2407 773 2467 est
789 2402 877 2486 (Nat.
890 2403 968 2468 hist.
982 2403 1083 2467 XVII
1099 2405 1160 2485 11).
1204 2403 1420 2486 Quamobrem

242 2504 365 2570 factum
382 2508 441 2587 est,
457 2507 494 2568 ut
515 2503 550 2568 in
574 2503 671 2569 tastis
695 2522 819 2585 quoque
841 2504 1056 2586 vergiliarum
1076 2505 1197 2571 mentio
1218 2505 1322 2588 fieret,
1344 2526 1374 2573 v.
1395 2526 1422 2571 c.

241 2607 278 2671 in
300 2606 412 2671 Fastis
434 2605 613 2671 Venusinis
643 2608 686 2671 ad
716 2605 888 2687 septimum
912 2606 981 2671 Mai
1012 2607 1133 2672 mensIs
1164 2606 1249 2672 diem
1272 2607 1356 2692 (CIL
1380 2608 1398 2672 I
1410 2614 1421 2648 ²

243 2728 274 2789 p.
297 2708 381 2791 221).
425 2708 582 2789 Reliquos
615 2708 720 2790 locos,
752 2709 810 2774 ubi
841 2708 1010 2790 Vergiliae
1032 2711 1075 2774 ad
1098 2709 1315 2775 definiendum
1345 2711 1424 2776 anni

240 2817 371 2891 tempus
394 2815 694 2893 commemorantur,
717 2830 908 2877 enumerare
931 2812 1064 2893 longum
1086 2812 1174 2897 est.⁴)

329 2911 607 2993 Superstitionum
644 2913 869 2996 antiquarum,
907 2914 941 2978 in
976 2915 1095 2995 quibus
1123 2915 1347 2998 Vergiliarum
1384 2916 1423 2980 fit

242 3015 375 3095 mentio,
398 3015 538 3096 primam
560 3016 703 3098 afferam,
734 3035 845 3081 earum
876 3021 992 3082 exortu
1013 3017 1077 3082 mel
1099 3017 1246 3083 salutare
1276 3037 1317 3083 ex
1346 3024 1424 3084 aere

244 3118 323 3183 labi.
346 3117 441 3182 Hanc
453 3136 525 3182 cnm
537 3117 678 3188 siderum
691 3116 904 3200 complurium
916 3124 1005 3183 motu
1016 3119 1224 3185 coniunctam
1236 3124 1271 3185 et
1282 3119 1424 3186 fortasse

242 3239 267 3285 a
297 3219 432 3285 Graecis
466 3221 673 3299 desumptam
712 3237 784 3284 esse
822 3238 922 3300 supra
955 3219 1097 3286 diximus
1127 3220 1215 3302 (pag.
1241 3222 1312 3305 46),
1352 3241 1423 3288 cum

247 3324 288 3387 de
311 3320 396 3386 Sirio
419 3338 597 3401 ageremus.
641 3321 687 3385 Et
702 3322 812 3386 eodem
828 3322 921 3386 modo
937 3339 999 3401 quo
1018 3322 1187 3388 exoriente
1203 3321 1287 3388 Sirio
1303 3341 1424 3389 messes

248 3423 361 3504 quales
399 3421 533 3487 futurae
574 3425 686 3487 essent
725 3424 978 3506 augurabantur
1010 3423 1097 3506 (pag.
1130 3424 1202 3508 34),
1240 3424 1304 3491 olei
1343 3425 1425 3491 cari·

247 3530 353 3590 tatem
386 3524 584 3589 Graecorum
617 3524 854 3607 Democritum,
886 3525 1102 3591 Romanorum
1132 3526 1321 3593 Sextiume
1352 3546 1425 3595 ver-

248 3627 403 3709 giliarum
440 3631 516 3691 ortu
544 3624 749 3706 praedixisse
791 3631 910 3692 narrat
939 3627 1069 3693 Plinius
1099 3628 1175 3694 Nat.
1204 3629 1283 3696 bist.
1308 3630 1427 3696 XVIII

249 3730 322 3795 273.
373 3728 468 3812 Quod
496 3731 654 3809 quomodo
684 3729 831 3810 praedici
861 3735 979 3814 posset,
1010 3730 1097 3797 idem
1125 3729 1253 3797 Plinius
1276 3733 1428 3799 servavit

336 3933 357 4001 ¹)
376 3932 417 3987 ct.
435 3937 578 4002 praeterea
601 3933 637 3988 ib.
661 3933 767 4003 20111,
792 3933 838 3988 nbi
856 3934 990 3989 Hesiodus
1012 3935 1031 3990 l.
1049 3951 1071 3989 c.
1089 3940 1119 3992 et
1136 3933 1277 4003 Vergilius
1295 3935 1395 4005 Georg.
1413 3937 1428 3990 I

249 4018 365 4084 nleaqq.
383 4017 539 4072 laudantur.

337 4103 358 4172 ²)
376 4102 481 4156 Poenos
499 4118 604 4170 quoqne
621 4102 651 4157 in
668 4104 780 4157 serendo
798 4103 930 4173 vergilias
947 4103 1103 4158 observasse
1120 4103 1235 4159 fortusse
1253 4105 1430 4161 concludetur

245 4203 267 4242 e
283 4186 347 4243 Nat.
365 4187 429 4242 hist
451 4189 533 4242 XVII
551 4187 609 4242 131.

339 4271 359 4341 ³)
377 4272 492 4328 Aristot.
509 4273 575 4328 hiat.
594 4273 703 4328 enlmal.
721 4273 747 4329 V
764 4273 806 4341 22,
824 4273 849 4328 4.

337 4357 360 4427 ⁴)
377 4357 417 4413 ut
434 4357 495 4413 niv.
514 4359 647 4428 11111
665 4358 733 4414 nau.
751 4358 870 4413 amon.
888 4358 1002 4428 xtvm
1020 4359 1097 4415 cura.
1115 4359 1179 4414 nur.
1197 4360 1223 4416 v
1240 4360 1265 4430 a,
1285 4361 1325 4418 12.

303 4458 618 4513 Religionagesohlehtlloha
631 4459 753 4505 Versuohe
766 4470 790 4504 u.
803 4458 963 4505 Vorarbeltan
975 4460 1018 4505 111.
1243 4445 1277 4499 13
