3292 4958
233 355 296 419 188
682 349 834 404 Guilelmus
852 346 957 400 Gundel
1358 343 1418 431 [96

230 524 370 599 nomina,
390 527 428 588 ut
442 523 504 587 bac
520 539 645 602 quoque
663 521 703 584 de
719 537 818 583 cansa
834 517 971 585 Ovidius
987 536 1045 583 suo
1067 516 1138 582 iure
1153 516 1215 580 dici
1230 514 1416 598 scripserit,

233 634 271 693 ut
293 626 327 691 in
350 625 564 706 sequentibus
588 626 739 688 autumat
762 620 873 686 Cicero
897 639 927 687 v.
950 619 1040 702 32:1)

882 722 1014 788 ratione
1036 723 1108 788 sine
1130 721 1198 786 ulla

407 835 534 910 septem
557 828 667 909 dicier,
690 832 728 891 ut
751 829 881 892 veteres
903 829 1052 892 statuere
1072 829 1198 905 poetae,

408 938 543 997 aeterno
559 936 694 995 cunctas
719 948 798 994 sane
821 927 879 1008 qni
900 927 1030 992 nomine
1050 925 1200 1008 dignant.

319 1054 439 1117 Actum
455 1051 499 1116 sit
511 1050 615 1133 igitur
631 1053 671 1116 de
689 1049 840 1130 opinione
856 1047 914 1112 illa
936 1046 1092 1129 vergilias
1108 1064 1236 1126 quoque
1251 1048 1415 1126 quondam

233 1159 359 1235 septem
381 1154 507 1219 triones
531 1153 715 1234 appellatas
738 1151 851 1216 fuisse.

531 1376 562 1443 ΙΙ.
598 1372 872 1457 catenularum
897 1371 1110 1456 opinionibus.

318 1547 456 1611 Veteres
479 1543 625 1624 Romani,
648 1542 704 1624 qui
719 1542 870 1606 Pliadum
891 1541 1005 1606 stellas
1028 1541 1156 1622 virgam
1174 1539 1317 1620 aliquam
1340 1558 1415 1607 esse

232 1651 398 1731 putabant
420 1647 511 1712 bacis
527 1645 686 1711 consitam
706 1664 857 1725 uvaeque
873 1643 1020 1727 similem,
1039 1649 1076 1708 ut
1091 1643 1254 1723 eligerent
1268 1643 1415 1724 appella·

233 1753 355 1816 tionem
378 1748 538 1831 vergilias
568 1748 707 1828 simplici
737 1747 882 1834 ratione,
917 1765 980 1811 non
1009 1746 1169 1828 religione
1199 1746 1416 1811 ducebantur.

233 1853 280 1918 Et
309 1852 338 1917 si
368 1857 482 1932 postea
513 1850 764 1931 superstitiones
797 1850 973 1915 nonnullae
1002 1850 1042 1913 de
1074 1848 1227 1930 vergiliis
1256 1847 1415 1914 Romanis

233 1960 390 2034 acceptae
412 1954 556 2033 fuerunt,
579 1972 616 2017 eo
632 1956 670 2017 ut
687 1953 810 2016 cultum
826 1952 874 2017 eis
890 1953 983 2017 velut
1004 1951 1172 2016 caniculae
1190 1949 1415 2035 instituerent,

235 2055 432 2138 processisse
454 2073 518 2119 non
541 2054 704 2120 videntur.

320 2158 367 2223 Ut
389 2158 480 2222 sidus
502 2157 591 2222 haud
613 2157 663 2222 ita
685 2157 830 2222 lucidum
854 2157 1076 2238 appellatione
1099 2156 1333 2238 discernerent,
1357 2157 1414 2221 ad·

236 2264 443 2327 ducebantur
465 2259 648 2325 observatis
664 2260 733 2325 eius
753 2264 828 2325 ortu
844 2265 879 2325 et
901 2279 1025 2341 occasu,
1052 2277 1131 2339 qnos
1154 2258 1325 2324 concinere
1341 2277 1415 2324 cum

236 2365 314 2430 anni
343 2364 544 2444 temporibus
567 2363 731 2444 agricolae
760 2362 954 2428 necessariis
985 2362 1300 2428 animadverterant.
1343 2361 1416 2428 Hoc

235 2467 321 2532 idem
344 2467 481 2534 Graecis
504 2485 631 2546 quoque
653 2466 831 2546 acciderat,
860 2483 995 2545 quorum
1020 2465 1086 2528 iam
1108 2463 1271 2529 Hesiodus
1294 2464 1416 2530 cecinit

236 2569 331 2650 Oper.
355 2571 417 2634 383
430 2589 489 2649 sq.:

462 2667 630 2755 Πληϊάόων
646 2669 851 2752 Ἀτλαγενέων
873 2666 1145 2748 ἐπιτελλομενάων

466 2771 599 2854 ἄρχεσθ’
623 2772 752 2856 brevnov,
777 2770 906 2854 ἀρότοιο
928 2769 963 2834 δὲ
986 2769 1197 2852 δυσομενάων.

322 2874 415 2955 Quod
431 2892 502 2938 cum
516 2874 565 2938 ita
581 2875 633 2956 sit,
656 2875 762 2939 oritur
777 2873 957 2940 difficultas
979 2874 1179 2958 secernendi,
1202 2877 1243 2940 de
1257 2874 1415 2956 Vergiliis

237 2975 315 3056 quid
344 2976 482 3040 Romani
514 2976 580 3057 ipsi
611 2978 793 3042 statuerint
829 2978 970 3058 quidque
1000 2997 1020 3042 a
1049 2977 1186 3043 Graecis
1219 2977 1416 3058 acceperint.

237 3078 368 3143 Certum
391 3082 521 3143 tantum
552 3084 602 3144 est
625 3081 666 3144 ad
695 3080 754 3145 hos
783 3079 893 3146 redire
914 3084 1037 3163 poetas,
1067 3080 1123 3160 qui
1153 3082 1196 3144 ad
1219 3082 1357 3145 Aratum
1379 3098 1415 3146 se

235 3180 462 3264 applicarunt,
493 3181 679 3248 Ciceronem
712 3183 784 3249 dico
814 3183 1044 3249 Germanicum
1074 3183 1254 3266 Avienum,
1283 3187 1321 3248 ut
1350 3202 1416 3248 om·

236 3284 313 3349 nino
336 3290 449 3365 poetas
468 3285 590 3351 colores
613 3305 630 3351 e
652 3286 795 3352 Graecia
817 3286 881 3352 sibi
904 3304 1108 3367 comparasse
1131 3287 1204 3352 veri
1227 3289 1278 3351 est
1300 3285 1416 3369 simile,

236 3406 308 3452 cum
323 3387 358 3451 in
374 3387 589 3468 scriptoribus
605 3390 734 3454 solutae
751 3388 908 3456 orationis
926 3387 1056 3470 saepius
1073 3389 1213 3470 dubites,
1227 3388 1355 3469 patrias
1372 3407 1415 3453 au

235 3491 427 3571 peregrinas
449 3489 618 3572 opiniones
642 3494 787 3557 tradant.

322 3591 480 3674 Incipiam
503 3597 651 3659 tamena
668 3612 784 3674 prosae
801 3593 959 3659 orationis
976 3593 1166 3659 auctoribus
1178 3597 1293 3675 utpote
1308 3592 1416 3659 minus

237 3695 527 3777 graecissantibus.
573 3695 715 3778 Quorum
738 3695 865 3760 Plinius
887 3714 945 3761 nos
968 3701 1086 3777 monet,
1116 3696 1232 3776 quanti
1261 3694 1417 3761 momenti

236 3796 398 3880 vergiliae
427 3797 583 3863 Romanis
614 3796 767 3878 agricolis
802 3797 942 3878 fuerint,
975 3798 1051 3864 Nat.
1081 3799 1159 3864 hist.
1189 3798 1308 3864 XVIII
1337 3798 1416 3863 280:

236 3920 371 3982 nemque
385 3899 528 3980 vergiliae
546 3902 720 3982 primatum
734 3901 867 3963 attinent
881 3900 1072 3985 adfractus,
1097 3906 1132 3964 ut
1153 3921 1291 3985 quaram
1308 3906 1417 3965 sacrm

236 4009 337 4066 aestas
357 4004 495 4086 inceptet,
516 4022 625 4066 occasa
646 4001 749 4085 biems,
771 4005 930 4067 semenstri
951 4006 1051 4084 spatio
1065 4005 1152 4067 intro
1174 4024 1206 4068 se
1221 4023 1328 4068 messes
1349 4004 1416 4067 vin·

237 4103 412 4188 demiasque
440 4112 468 4167 et
496 4107 635 4168 cranium
666 4108 875 4170 aucturetatem
904 4105 1121 4192 cornpleeae,²)
1156 4111 1255 4187 abque
1285 4104 1417 4172 serendi

325 4240 344 4306 ι)
363 4256 388 4295 v.
406 4240 484 4294 Aret.
504 4257 529 4294 v.
548 4241 679 4310 254sqq.;
698 4241 787 4296 Germ.
806 4243 884 4298 Aret.
905 4242 956 4296 259
966 4259 1023 4309 sqq.

323 4324 344 4392 ²)
362 4324 402 4379 Ol.
421 4326 504 4380 etiam
523 4327 594 4380 Plin.
612 4328 675 4381 Nat.
694 4328 757 4382 nist.
774 4329 803 4381 ΙΙ
821 4329 871 4382 123
880 4345 947 4396 sqq,
965 4327 1068 4398 Hygin.
1087 4333 1187 4383 astron.
1206 4328 1235 4382 Π
1253 4327 1284 4380 21
1304 4344 1330 4396 p.
1342 4327 1417 4383 6413.
