3278 4964
668 1521 955 1606 Prooequm
1034 1622 1045 1642 ‘

315 1743 555 1827 Quaerentibus
585 1743 691 1826 qualis
720 1742 827 1808 cultus
850 1741 1023 1823 qualisque
1052 1741 1240 1808 humanitas
1268 1741 1408 1810 alicuius

227 1847 339 1929 populi
360 1846 463 1913 inerit
477 1867 540 1913 non
556 1847 653 1929 parvi
669 1845 824 1912 momenti
845 1864 886 1910 ea
908 1850 994 1927 sunt,
1018 1863 1104 1925 qnae
1119 1846 1162 1910 ab
1176 1844 1248 1911 eins
1263 1846 1408 1912 nationis

227 1948 412 2015 bominibus
428 1950 618 2032 cogitantur
640 1953 674 2014 et
690 1949 846 2014 dicuntur
867 1949 907 2012 de
926 1946 1099 2013 stellarum
1114 1947 1149 2015 vi
1164 1951 1262 2028 atque
1277 1952 1409 2015 natura.

228 2050 320 2133 Quod
339 2057 497 2132 reputans
513 2052 681 2117 Romanae
695 2068 823 2131 quoqne
837 2050 947 2132 gentis
963 2048 1105 2116 indolem
1127 2049 1271 2116 fortasse
1293 2049 1409 2118 melius

227 2152 430 2219 intellectum
452 2153 496 2219 iri
517 2156 612 2219 ratus
635 2171 714 2234 sum,
737 2153 765 2218 si
787 2152 937 2219 breviter
956 2151 1198 2235 quaesivissem,
1222 2152 1336 2233 quales
1357 2171 1410 2219 co·

228 2255 409 2336 gitationes
438 2255 577 2321 Romani
600 2257 642 2321 de
670 2255 778 2320 stellis
808 2253 1013 2336 habuissent,
1044 2273 1107 2335 qno
1136 2256 1229 2320 modo
1258 2255 1410 2338 singulae

229 2357 398 2438 opiniones
420 2356 573 2438 primitus
602 2361 705 2438 ortae,
733 2356 895 2437 paulatim
926 2356 1038 2438 tritae,
1069 2356 1210 2438 deniqne
1239 2358 1411 2440 neglectae

229 2459 390 2538 novisque
411 2476 582 2539 repressae
606 2463 724 2523 essent.

315 2560 417 2625 Hand
432 2558 483 2624 ita
502 2557 615 2640 paucis
637 2559 778 2641 negotiis
793 2561 939 2626 homines
963 2565 1213 2644 commoventur,
1234 2565 1273 2627 ut
1294 2562 1412 2628 stellas

230 2664 427 2742 observent;
450 2659 611 2741 imprimis
634 2661 800 2743 agricolae
822 2662 970 2729 viatores
996 2668 1118 2729 nautae
1140 2662 1263 2729 milites
1285 2665 1412 2730 caelum

232 2764 423 2830 astriferum
452 2763 657 2845 perlustrant
679 2768 781 2844 atque
810 2764 949 2847 singula,
977 2784 1061 2845 quae
1091 2766 1127 2831 in
1149 2767 1246 2848 globo
1276 2765 1414 2832 caelesti

231 2873 367 2949 praeter
388 2871 502 2932 cetera
524 2866 664 2948 elucent,
687 2870 833 2949 enotant,
859 2885 922 2947 quo
945 2867 1069 2933 certius
1092 2887 1150 2934 suo
1179 2875 1325 2950 tempore
1354 2872 1414 2934 aut

232 2968 342 3034 officia
364 2972 572 3049 exequantur
594 2973 653 3034 aut
674 2967 797 3034 itinera
828 2968 984 3051 dirigant.
1030 2969 1109 3035 (inm
1131 2989 1209 3038 vero
1232 2972 1352 3037 stellae
1378 2975 1414 3037 et

231 3072 342 3137 sidera
357 3070 560 3138 lucidissima
572 3089 670 3136 cursu
685 3089 744 3137 sno
754 3071 808 3136 his
820 3070 901 3152 ipsis
914 3071 1099 3138 hominibus
1110 3073 1243 3139 maximi
1258 3072 1414 3140 momenti

232 3172 366 3257 fuerint,
390 3172 525 3240 dubium
543 3192 608 3239 non
631 3179 691 3257 est,
713 3173 793 3254 quin
814 3172 880 3239 iam
899 3174 1086 3254 antiquitus
1108 3174 1172 3255 ipsi
1187 3174 1319 3259 singula
1340 3193 1415 3257 pro·

233 3274 318 3357 priis
330 3275 575 3358 cognominibus
586 3294 644 3342 suo
656 3275 795 3356 quisque
805 3294 894 3341 more
906 3274 1147 3360 exornaverint,
1159 3277 1210 3341 ita
1221 3283 1259 3343 ut
1270 3277 1415 3343 eiusdem

118 3449 121 3454 ,
233 3376 352 3442 stellae
382 3377 472 3443 aliud
501 3397 678 3462 cognomen
711 3376 816 3443 fuerit
844 3383 1038 3460 nautarum,
1067 3377 1159 3442 aliud
1187 3379 1415 3460 agricolarum.

234 3478 349 3559 Neque
363 3482 474 3546 tamen
489 3481 587 3547 huius
603 3479 829 3562 cognominum
841 3477 1017 3544 varietatis
1030 3479 1132 3544 ullum
1147 3482 1236 3560 apud
1251 3480 1415 3546 Romanos

233 3580 421 3666 vestigium,
445 3601 529 3663 qnae
544 3589 595 3649 est
609 3581 785 3648 memoriae
800 3581 930 3647 illorum
946 3580 1101 3664 condicio,
1120 3580 1288 3648 remansit.
1330 3581 1415 3647 Nam

233 3684 427 3767 cognomina
441 3684 590 3750 Romana
611 3685 753 3751 omnium
769 3685 884 3750 eadem
905 3683 1008 3750 fuisse
1030 3684 1065 3750 in
1080 3703 1141 3751 usu
1164 3703 1206 3751 ex
1220 3683 1416 3751 testimoniis

233 3785 323 3853 infra
350 3785 463 3853 allatis
492 3785 637 3870 patebit,
666 3805 728 3868 quo
758 3786 806 3871 fit,
832 3790 871 3852 ut
900 3804 1061 3868 nusquam
1090 3785 1243 3853 diversae
1272 3787 1416 3853 eiusdem

235 3886 356 3955 sideris
369 3887 610 3970 appellationes
622 3891 733 3954 eodem
745 3895 892 3970 tempore
904 3888 1051 3973 viguisse
1065 3907 1086 3954 a
1101 3887 1241 3954 diversis
1253 3888 1417 3955 hominum

234 3990 413 4073 generibus
434 3988 587 4056 adhibita
609 3993 779 4070 appareat.
822 3991 870 4056 At
889 3988 958 4056 alia
979 3991 1125 4056 notanda
1147 3996 1200 4056 est
1220 3989 1418 4077 differentia,

235 4110 321 4172 quae
350 4090 494 4158 interest
524 4090 612 4157 inter
642 4109 683 4156 ea
713 4109 841 4170 quaea
868 4092 991 4174 populo
1020 4096 1055 4156 et
1084 4109 1124 4157 ea
1155 4111 1282 4173 quaes
1310 4093 1418 4175 poetis

235 4194 405 4276 noctisque
435 4193 639 4277 alienigenas
666 4191 876 4259 imitantibus
905 4197 1119 4276 usurpantur.
1169 4193 1289 4275 Itaque
1318 4194 1418 4262 side

235 4297 408 4364 stellarum
431 4296 678 4378 cognominibus
699 4300 735 4360 et
762 4294 981 4378 religionibus
1010 4295 1166 4362 Romanis
1195 4294 1419 4376 quaestionem

286 4412 607 4470 Bellglomgcscbtchtllche
620 4413 741 4461 Versnolre
754 4423 778 4458 u.
790 4411 951 4458 Vorarbolton
965 4412 1006 4456 11L
1246 4396 1262 4448 7
