3292 4958
229 369 285 458 67]
454 370 496 425 De
513 370 654 425 stellarum
674 370 854 439 appellatione
872 376 900 426 et
918 371 1048 441 religione
1066 372 1189 426 Romana
1346 374 1408 439 159

232 560 329 607 curru
351 559 382 607 v.
405 560 429 607 c.
452 541 559 607 Varro
582 543 622 606 de
644 541 663 606 l.
686 541 706 606 l.
729 541 794 607 VH
817 543 858 608 75
880 542 984 607 locum
1006 543 1192 608 Ennianum
1214 543 1408 624 respiciens:

231 648 310 706 lamo
339 643 439 707 dictas
465 665 486 706 u
519 643 665 719 bacauda
698 646 726 707 is
754 645 834 707 euim
866 646 996 707 continet
1029 647 1136 726 lapsam
1165 650 1193 708 ct
1218 645 1409 727 plaustrum,

229 745 420 826 appellatum
442 767 462 808 α
480 753 570 826 porta
592 751 696 826 lotam,
717 751 752 809 at
774 746 880 811 multa.

317 848 389 913 Iam
411 852 607 930 quaeratur,
637 851 748 913 utrum
778 850 818 913 de
848 848 954 913 aratri
988 867 1030 913 an
1064 850 1104 914 de
1134 868 1248 915 currus
1283 853 1409 916 temone

229 950 431 1034 cogitaverit
454 951 591 1016 Ennius.
636 950 778 1031 Cumque
800 951 891 1017 nullo
920 951 985 1016 alio
1008 951 1077 1016 loco
1101 970 1173 1016 cum
1195 957 1316 1035 aratro⁷
1338 971 1408 1018 sae-

232 1051 364 1135 pissime
387 1057 496 1118 autem
512 1071 584 1118 cum
600 1072 699 1118 curru
714 1058 943 1133 comparentur
961 1059 1087 1135 septem
1110 1050 1243 1137 manes,
1265 1059 1303 1119 ut
1318 1056 1410 1121 modo

230 1155 382 1237 diximus,
412 1155 493 1222 illud
523 1157 741 1235 spernendum
770 1156 830 1221 hoc
859 1159 1050 1221 sumendum
1084 1160 1145 1222 est
1196 1155 1410 1238 Quinetiam

232 1258 293 1324 hoc
315 1262 486 1324 statuatur
508 1277 641 1324 necesse
664 1262 723 1339 est,
753 1276 817 1323 uon
840 1259 1013 1340 vulgarem
1044 1277 1116 1324 esse
1137 1258 1239 1324 Ennii
1265 1261 1410 1341 appella·

232 1361 363 1444 tionem,
385 1362 506 1443 quippe
530 1380 615 1442 quae
629 1361 765 1443 imagini
788 1362 831 1426 ab
853 1361 925 1442 ipsa
948 1361 1195 1427 constellatione
1213 1361 1331 1428 effecta
1346 1381 1411 1428 non

233 1465 468 1548 respondeat‚¹)
490 1466 548 1529 sed
570 1463 741 1545 poeticam,
765 1462 884 1544 quippe
908 1482 991 1544 quae
1013 1459 1241 1540 συνεκδοχικῶς
1260 1483 1317 1545 pro
1339 1463 1410 1545 ipso

232 1584 332 1630 curru
348 1565 456 1646 posita
478 1565 531 1645 sit,
554 1565 587 1630 id
611 1565 778 1646 quodiam
795 1566 898 1630 Varro
913 1566 933 1629 l.
949 1585 974 1629 s.
989 1569 1176 1646 putaverat.
1221 1565 1296 1630 Tali
1317 1567 1410 1631 modo

234 1672 349 1748 poetas
372 1668 535 1734 Romanos
550 1668 638 1748 loqui
652 1669 800 1748 potuisse
815 1670 1017 1733 demonstrat
1032 1667 1199 1734 Iuvenalis
1214 1668 1262 1734 IV
1278 1670 1339 1733 126
1349 1687 1411 1749 sq.:

234 1777 290 1833 out
303 1770 340 1833 da
356 1778 469 1834 tamena
480 1770 638 1834 Britanno
656 1769 662 1855 1
681 1770 795 1834 accidet
807 1772 991 1854 Arriamque.
1013 1771 1161 1835 Eandem
1177 1771 1411 1853 synecdocham

233 1876 275 1937 de
298 1877 425 1954 septem
456 1873 618 1939 trionibus
649 1877 781 1954 praeter
809 1872 952 1937 Ennium
983 1872 1070 1938 solus
1101 1872 1252 1937 adhibuit
1282 1872 1411 1938 Statius

230 1976 336 2041 Theb.
358 1977 376 2040 I
397 1976 552 2056 370sqq.:

387 2082 437 2143 Ac
455 2068 552 2144 *velut
573 2077 710 2143 hiberno
733 2079 911 2159 deprensus
934 2077 1051 2143 navita
1073 2081 1173 2159 ponto

388 2180 441 2245 cui
463 2199 568 2261 neque
590 2184 676 2245 temo
698 2181 793 2262 piger
815 2198 921 2261 neque
943 2179 1046 2246 amico
1069 2180 1176 2245 sidere
1198 2183 1359 2245 monstrat

386 2283 483 2347 Luna
502 2283 582 2349 vias.

320 2384 459 2465 Saepius
482 2389 593 2449 tamen
616 2403 636 2449 a
655 2384 759 2466 poetis
783 2386 822 2449 de
844 2389 941 2464 parte
964 2384 1064 2449 totins
1080 2384 1197 2450 sideris
1219 2390 1303 2449 temo
1320 2401 1412 2449 occu·

235 2492 343 2568 patur,
367 2505 502 2568 quorum
525 2486 653 2552 nomino
677 2485 827 2552 Ovidium
849 2488 926 2551 Met.
949 2486 982 2550 X
1003 2487 1081 2550 447:

390 2588 549 2654 Flexerat
571 2588 701 2668 obliquo
725 2590 907 2669 plaustrum
931 2594 1058 2653 temone
1080 2589 1208 2653 Bootes.

321 2692 435 2772 Neque
456 2695 567 2756 tamen
590 2710 718 2772 semper
740 2692 790 2757 ita
810 2691 874 2758 sibi
896 2696 1049 2757 constant
1071 2695 1197 2773 poetae,
1219 2693 1257 2756 ut
1278 2690 1412 2755 laudato

236 2799 364 2860 temone
387 2794 531 2874 reliquas
547 2794 660 2859 stellas
675 2813 733 2874 pro
754 2794 837 2860 rotis
852 2794 1009 2876 habeant,
1026 2795 1085 2859 sed
1108 2792 1318 2859 confunditur
1340 2812 1413 2858 cum

233 2897 291 2962 illo
315 2896 382 2961 alia
405 2898 565 2977 quaedam
584 2896 701 2961 sideris
721 2896 826 2962 nostri
848 2896 1033 2979 appellatio,
1049 2900 1086 2961 ut
1101 2915 1193 2960 ursae
1208 2895 1413 2978 significatio.

234 2999 336 3064 Cuius
353 2999 402 3064 rei
417 3000 567 3079 exempla
581 3004 659 3064 sunt
674 3001 770 3065 haec:
792 3000 903 3065 Cicero
918 2999 952 3064 in
968 2999 1102 3065 Arateis
1116 2998 1211 3081 irgm.
1227 2999 1309 3066 XVI
1325 3000 1344 3064 2
1361 2998 1414 3083 (de

235 3104 301 3166 nat.
319 3101 452 3167 daonii
465 3102 539 3187 109)
552 3101 804 3183 Arctophylacis
820 3120 935 3166 nomen
947 3101 1091 3182 explicat
1102 3100 1185 3184 qaod
1195 3103 1287 3184 quusi
1300 3102 1415 3165 temoni

233 3203 417 3266 adiunctum
439 3223 516 3284 praa
539 3205 687 3285 aequabit
708 3204 848 3266 Arctum.
892 3202 1022 3267 Statius
1044 3207 1155 3268 autem
1176 3203 1280 3268 Theb.
1302 3203 1413 3268 1692:

849 3307 884 3368 et
906 3304 972 3368 iam
995 3309 1124 3369 temone
1144 3303 1259 3384 supino

389 3406 529 3488 languet
548 3405 782 3487 Hyperboreae
808 3405 959 3487 glacialis
982 3405 1123 3486 portitor
1145 3404 1261 3470 Ursae.

323 3526 447 3591 Eodem
470 3526 562 3590 modo
585 3531 700 3607 peccat
720 3525 845 3591 Seneca
867 3525 963 3591 Herc.
986 3525 1048 3590 fur.
1072 3524 1150 3590 129:

563 3628 691 3710 signum
718 3628 799 3694 celsi
820 3627 960 3711 glaciale
987 3627 1054 3710 puli

564 3736 689 3812 septem
712 3731 818 3797 stellis
840 3732 983 3797 Arcados
1006 3750 1105 3798 ursae

564 3834 668 3898 lucem
689 3852 785 3901 verso
806 3839 934 3900 temone
956 3838 1084 3900 vocant.

324 4002 342 4071 ¹)
361 4003 403 4058 Ea
427 4010 536 4072 praeter
559 4010 694 4058 temonem
718 4008 847 4071 quattuor
869 4008 944 4058 rotas
968 4003 1099 4070 ostendit;
1124 4020 1150 4057 v.
1168 4003 1194 4057 J.
1214 4001 1340 4056 Grimm
1354 4002 1372 4055 l.
1391 4017 1412 4056 s.

233 4105 261 4156 p.
279 4088 343 4142 604:
362 4089 425 4143 Das
442 4088 509 4143 Bild
524 4088 642 4159 prandet
652 4088 710 4143 sich
728 4087 782 4148 auf
797 4088 931 4159 lebaudipe
948 4088 1137 4158 Batracbtaap
1149 4087 1196 4141 der
1210 4087 1412 4156 Gouotallatioa,

235 4172 316 4227 daea
334 4173 468 4244 Drahuaq
484 4173 589 4228 ababli
606 4173 664 4229 bier
680 4173 776 4228 Rdder
792 4172 851 4228 aud
869 4175 927 4229 aaa
944 4172 1103 4228 abetcbcade
1120 4172 1247 4227 Daichacl
1264 4174 1354 4240 (tamo)
1372 4190 1413 4228 er·

233 4257 338 4313 bonuau
371 4259 439 4328 labb,
469 4259 584 4314 weabalb
610 4259 681 4313 auch
705 4258 749 4313 dia
771 4258 971 4332 Augebachoea
999 4258 1130 4313 zuwcilea
1152 4257 1212 4323 bloll
1234 4257 1292 4328 piel
1315 4261 1412 4326 setara,-

234 4358 328 4399 ooeuaa
346 4344 421 4414 pua
439 4344 535 4400 Boetb.
553 4344 688 4400 Rawlius.
706 4345 761 4398 192
769 4345 788 4400 ὁ.

1208 4428 1257 4482 11*
