3292 4958
238 367 300 430 212
683 361 834 416 Guilelmus
852 361 959 415 Gundel
1337 358 1423 448 [120

237 534 322 600 Vide
343 534 443 600 etiam
466 533 550 600 Stat.
569 532 688 599 Achill.
710 533 805 598 1643
827 534 899 596 risit
918 531 1031 594 elates
1044 533 1145 595 omnis
1157 531 1197 593 ol
1211 531 1274 594 allo
1292 529 1297 616 1
1316 538 1420 595 astro·

236 657 318 720 raon,
340 635 511 702 Claudiam
533 635 619 701 XXI
640 636 682 700 84
710 639 784 698 tane
811 635 982 697 exsultasse
1009 633 1126 696 choreis
1154 640 1243 696 astra
1266 633 1419 718 ferant¹>

322 740 397 806 Hae
418 738 568 804 notiones
590 738 691 803 eundi
712 738 855 805 vehendi
878 735 1051 817 equitandi
1072 735 1218 801 saltandi
1248 737 1291 801 ad
1313 754 1417 803 unam

236 861 346 908 omnes
365 848 444 909 tune
462 846 593 906 tantum
608 840 840 922 intellegimus,
862 838 891 904 si
907 838 1085 904 statuimus
1100 839 1226 904 eaelum
1242 838 1416 905 veteribus

235 964 295 1027 pro
317 945 520 1009 firmamento
541 942 652 1024 fuisse,
681 942 732 1008 ita
760 947 798 1008 ut
819 947 988 1023 tamquam
1018 939 1121 1006 firmis
1151 941 1290 1021 pedibus
1320 945 1418 1007 stare

235 1046 406 1128 potuerint
434 1046 561 1112 stellae,
617 1045 730 1125 Atque
759 1045 840 1110 haee
870 1044 1050 1125 priscorum
1080 1043 1276 1110 Latinorum
1304 1042 1418 1124 opinio

235 1148 308 1231 fuit,
330 1153 369 1214 ut
390 1166 431 1213 ex
452 1146 554 1212 Ennii
578 1147 686 1213 verbis
708 1151 802 1228 patet
831 1146 878 1230 (ia
897 1147 1030 1210 alliam
1048 1145 1053 1228 Ι
1073 1145 1149 1209 caeli
1173 1145 1267 1226 clipeo
1287 1151 1418 1228 saperet

235 1258 311 1314 temo
337 1249 342 1336 Ι
368 1250 473 1314 stelles
505 1249 632 1314 sublime
659 1253 783 1333 aqitons
811 1248 851 1314 fr.
881 1267 925 1314 se.
954 1268 984 1315 v.
1011 1248 1074 1314 215
1104 1247 1222 1332 Vahl).
1273 1247 1418 1316 Ovidius

235 1371 363 1434 quoque
385 1351 548 1434 expressis
571 1353 681 1418 verbis
703 1353 789 1417 hane
811 1351 993 1432 opinionem
1016 1350 1167 1417 extitisse
1196 1355 1341 1416 testatus
1362 1354 1419 1417 est

235 1456 314 1522 Met.
336 1456 354 1520 Ι
375 1458 433 1520 72:

388 1577 452 1623 neu
475 1558 566 1640 regio
589 1557 675 1624 foret
695 1558 765 1623 ulla
787 1557 855 1624 suis
873 1557 1096 1623 animantibus
1119 1559 1207 1639 orba,

387 1666 481 1726 astra
503 1667 620 1726 teuent
640 1662 784 1726 caeleste
808 1661 910 1727 solum
933 1659 1122 1740 formaeque
1145 1661 1286 1725 deorum.

234 1763 280 1829 Et
295 1767 333 1829 ut
355 1762 496 1828 interra
518 1763 568 1828 ita
590 1764 624 1828 in
640 1763 776 1828 caelesti
791 1764 858 1829 solo
880 1762 956 1829 viae
979 1767 1064 1843 suut,
1086 1781 1144 1842 per
1159 1780 1241 1842 quas
1263 1761 1311 1827 sol
1332 1760 1418 1828 luna

234 1870 409 1945 ceteraque
431 1865 540 1930 sidera
564 1869 653 1946 eunt,
676 1885 706 1931 v.
727 1865 825 1946 Apul.
849 1867 889 1930 de
905 1867 1024 1931 mundo
1045 1883 1115 1946 sap.
1131 1865 1181 1928 22.
1225 1864 1276 1929 De
1298 1865 1416 1931 eadem

233 1953 487 2048 Babyloniorum
499 1967 709 2048 persuasione
725 1966 874 2032 conferas
888 1987 918 2034 v.
932 1970 961 2032 d.
972 1967 996 2032 J
1004 1985 1133 2032 euseu
1148 1965 1342 2048 Kosmolople
1357 1966 1418 2030 der

233 2069 420 2150 Babyloniae
441 2088 516 2151 pag.
540 2070 589 2134 10.
633 2069 745 2149 Neque
767 2088 845 2136 vero
867 2070 975 2134 altera
996 2071 1157 2150 quaedam
1180 2068 1297 2152 opinio,
1328 2087 1414 2150 quae

234 2171 346 2236 multis
368 2171 497 2253 populis
518 2172 705 2237 rudioribus
728 2172 905 2238 eommunis
927 2172 999 2254 fuit,
1022 2173 1111 2253 apud
1124 2173 1286 2238 Romanos
1308 2172 1413 2238 ullum

233 2272 411 2357 vestigium
427 2274 569 2356 reliquit,
592 2274 744 2340 caelestis
763 2274 834 2340 dieo
850 2275 971 2356 oceani,
994 2275 1029 2339 in
1045 2293 1109 2355 quo
1131 2274 1252 2340 stellae
1267 2274 1415 2340 navibus

232 2376 436 2462 vehuntur.²)
479 2377 618 2457 Saepius
640 2383 750 2442 autem
779 2397 850 2444 eum
873 2377 991 2444 avibus
1014 2377 1103 2442 iufra
1125 2377 1249 2442 eaelum
1271 2395 1331 2460 per
1352 2376 1411 2442 im·

232 2498 377 2545 mensum
389 2487 497 2545 aerem
513 2480 715 2562 vagantibus
731 2486 963 2563 comparantur
973 2480 1096 2560 sidera;
1111 2480 1204 2546 euius
1216 2498 1294 2545 usus
1305 2484 1415 2546 testes

231 2581 400 2647 suffitiant
421 2582 578 2648 Manilius
600 2574 715 2649 11‘18:

384 2684 555 2765 omniaque
576 2685 731 2750 immenso
754 2686 932 2754 volitantia
953 2685 1079 2751 lumina
1101 2687 1229 2751 mundo.

232 2785 279 2850 Et
300 2787 425 2851 Seneca
443 2787 559 2851 Troad.
582 2787 662 2851 387:

386 2906 448 2968 quo
471 2887 523 2952 bis
546 2906 627 2953 sena
648 2890 764 2954 volant
786 2889 894 2955 sidera
916 2889 1088 2975 turbine.⁸)
1114 2956 1117 2962 .

318 3004 499 3087 Quaeritur
516 3005 593 3088 iam,
613 3025 689 3072 num
705 3008 806 3089 prisci
822 3008 935 3074 Latini
958 3010 1158 3076 sententiam
1183 3011 1281 3076 ullam
1304 3014 1412 3074 statu-

232 3108 321 3173 erint
344 3110 384 3174 de
406 3127 493 3174 nexu
515 3109 686 3192 sanguinis
714 3111 803 3178 inter
831 3112 977 3196 singulos
998 3114 1093 3196 igues
1120 3113 1279 3179 caelestes
1307 3111 1412 3178 iuter·

232 3213 378 3278 cedente.
433 3211 525 3294 Quod
548 3213 628 3279 mihi
657 3214 745 3281 nullo
775 3218 868 3281 modo
898 3216 1116 3282 demonstrari
1145 3235 1240 3297 posse
1269 3215 1412 3282 videtur.

231 3314 327 3380 Licet
347 3314 406 3380 alii
428 3316 541 3397 populi
563 3319 706 3401 tradant
732 3319 846 3384 stellas
873 3319 971 3384 lunae
998 3320 1051 3385 vel
1074 3318 1153 3385 solis
1187 3318 1272 3384 filias
1301 3317 1412 3401 esse,⁴)

320 3485 339 3552 ¹)
358 3485 464 3552 rytor
481 3486 499 3541 l.
517 3486 535 3540 l.
553 3487 568 3540 Ι
586 3503 650 3557 pag.
668 3488 718 3541 287
738 3488 826 3542 tradit
843 3488 993 3557 opinionem
1014 3488 1139 3557 gentium
1157 3488 1342 3557 Aristralium,
1360 3487 1410 3556 qui

231 3570 398 3624 contendunt
410 3571 510 3625 saltare
519 3571 626 3626 Orionis
636 3573 729 3627 stelles
738 3573 912 3627 saltationem
925 3575 1061 3640 quandam
1070 3573 1225 3627 Korrobori
1235 3573 1409 3641 appellatam.

317 3655 337 3723 ¹)
364 3656 406 3709 De
429 3655 540 3710 Graecis
566 3673 592 3710 v.
616 3658 650 3711 H.
674 3658 805 3712 Usener
830 3657 1029 3727 Siattlatsaqea
1053 3658 1168 3727 passim,
1199 3659 1232 3712 de
1263 3657 1411 3727 Aegyptiis

230 3741 263 3793 A.
293 3740 518 3795 Wiedemauu
542 3741 672 3810 Rellploa
695 3741 743 3795 der
767 3743 843 3796 allen
871 3731 995 3813 dpppler
1022 3761 1085 3813 pag.
1112 3745 1158 3813 13,
1185 3744 1264 3798 Boll
1290 3744 1412 3813 Sphaera

230 3841 293 3892 pag.
319 3825 381 3893 169;
406 3842 455 3881 nee
478 3843 531 3881 uon
555 3827 645 3882 defuit
661 3828 711 3882 hoe
729 3827 899 3898 Christianis,
917 3845 944 3883 v.
962 3829 1057 3883 Isidor.
1079 3830 1112 3884 de
1130 3837 1187 3884 nat.
1213 3845 1264 3884 rer.
1283 3845 1341 3898 cap.
1360 3827 1412 3897 14;

230 3910 264 3964 de
282 3911 343 3965 aliis
361 3912 468 3980 populis
485 3912 735 3967 schwartzium
753 3913 771 3967 l.
785 3930 807 3967 e.
825 3930 888 3982 pag.
903 3913 998 3981 lOsqq.

318 3997 338 4065 ³)
357 3997 485 4052 Conferas
503 3997 659 4052 Luciferum
678 3999 811 4067 aligerum
824 4015 913 4067 supra
930 4016 994 4068 pag.
1012 3999 1054 4055 29.

316 4082 338 4151 ⁴)
357 4083 463 4150 Tylor
485 4083 649 4147 l.1.1350‚
672 4084 867 4139 Frobenius
891 4083 936 4138 dle
958 4085 1206 4154 Welloaseloaaaq
1232 4085 1280 4140 der
1302 4085 1411 4140 Notar-

230 4166 318 4220 odller
335 4184 398 4237 pag.
417 4168 475 4238 286,
500 4169 531 4223 E.
551 4169 665 4237 Meyer
689 4169 718 4223 iu
742 4170 963 4225 adnotationibus
987 4172 1021 4225 ad
1039 4171 1165 4226 Grimmii
1189 4173 1206 4226 l.
1224 4173 1242 4226 l.
1267 4188 1331 4241 pag.
1349 4170 1409 4238 204,

230 4250 307 4306 cuius
331 4258 495 4322 argumenta
519 4254 656 4324 adaugere
680 4255 747 4309 mihi
772 4256 855 4310 liceat
877 4256 1008 4311 nostratis
1033 4263 1129 4325 poetae
1152 4257 1262 4312 Hebel
1285 4256 1411 4312 versibus

231 4336 303 4392 hisee
319 4339 352 4392 de
369 4338 482 4393 lucifero
495 4340 589 4395 dietis:
