3292 4958
283 379 346 443 216
734 375 886 431 Guilelmus
904 375 1012 430 Gundel
1337 367 1345 452 J
1385 371 1464 459 [124

369 549 461 613 Haec
483 546 590 628 opinio
620 549 661 611 de
680 546 786 612 stellis
817 547 949 611 deornm
971 545 1131 610 ministris
1154 549 1253 610 aucta
1283 549 1334 610 est
1362 544 1462 610 etiam

254 690 257 697 -
283 650 549 731 iuterRomanos
558 667 629 714 cum
639 649 874 714 Chaldaeorum
886 648 911 733 1)
923 649 1067 713 irrueret
1076 647 1264 730 astrologia.
1281 646 1465 712 Secundum

283 754 397 818 horum
421 754 555 817 decreta
577 751 683 816 stellis
705 753 816 816 datum
841 758 922 832 erat,
943 755 980 815 ut
994 749 1178 815 hominibus
1197 751 1330 816 deorum
1349 749 1466 816 volun-

283 860 388 920 tatem
409 854 722 934 interpretarentur.
766 852 859 935 Quod
875 855 1093 918 demonstrem
1107 851 1243 917 Diodori
1265 852 1386 926 verbis,
1408 851 1466 932 qui

284 957 391 1038 1130,
414 959 434 1021 4
457 956 555 1022 dicit:
579 952 624 1040 (et
645 953 815 1039 πλανῆται)
838 953 877 1016 τὰ
898 954 1053 1035 μέλλοντα
1075 955 1246 1038 γίγνεσθαι
1269 952 1467 1017 δεικνύουσιν

285 1055 502 1145 ἑρμηνεύοντες
521 1067 590 1133 τοῖς
612 1057 801 1142 ἀνθρώποις
819 1057 874 1141 τὴν
894 1068 957 1120 τῶν
975 1059 1064 1120 θεῶν
1086 1053 1211 1119 ἔννοιαν
1232 1061 1267 1122 et
1289 1055 1401 1138 pergit
1424 1058 1466 1121 dc

285 1161 426 1244 triginta
459 1161 653 1241 quibusdam
688 1160 795 1225 stellis
824 1179 903 1240 quos
934 1165 1055 1226 vocant
1083 1159 1182 1235 θεοὺς
1210 1157 1382 1240 βουλαίους
1411 1159 1467 1243 (),
1555 1153 1557 1158 ’

285 1263 342 1345 qui
362 1264 451 1329 inter
472 1281 507 1328 se
538 1263 761 1328 commercium
792 1282 850 1343 per
880 1263 1009 1328 stellam
1032 1263 1184 1327 nuntium
1215 1262 1342 1327 habent
1371 1259 1465 1345 (πέμ-

284 1367 411 1429 πεσθαι
433 1417 440 1432 .
463 1416 500 1431 ..
528 1366 682 1448 καθάπερ
713 1362 888 1447 ἄγγελον
914 1360 968 1426 ἕνα
996 1374 1060 1425 τῶν
1086 1364 1248 1448 ἀστέρων).
1298 1364 1370 1429 Eae
1393 1382 1467 1430 scn-

284 1467 411 1535 tentiae
434 1467 563 1533 indies
586 1468 693 1550 magis
716 1467 901 1549 valuerunt,
924 1468 982 1532 uhi
1004 1466 1148 1532 Mithrae
1172 1471 1207 1532 et
1229 1466 1467 1533 Chaldaeorum

216 1634 217 1637 ,
286 1557 474 1637 secretain
490 1570 608 1652 volgus
631 1571 783 1636 exierunt
805 1570 854 1654 (F.
878 1569 1052 1635 dumont
1074 1569 1230 1635 MithraI
1252 1587 1327 1652 pag.
1350 1568 1466 1654 309),²)

286 1678 323 1739 at
345 1672 545 1739 Christianis
567 1673 683 1738 stellae
707 1671 836 1754 ἄγγελοι
862 1677 939 1737 snut
961 1671 1163 1738 carminibus
1185 1671 1345 1754 hymnicis
1368 1674 1464 1737 deum

287 1779 461 1842 adorantes
478 1775 571 1855 eique
594 1775 778 1843 servientes
801 1775 851 1860 (F.
867 1775 996 1856 Piper
1010 1775 1030 1840 l.
1047 1793 1072 1840 c.
1088 1793 1163 1858 pag.
1179 1775 1251 1856 205,
1273 1774 1467 1840 Riccioli

286 1879 307 1943 l.
322 1878 342 1943 l.
365 1897 440 1959 pag.
463 1878 550 1961 293).

372 1980 437 2044 Sed
458 1998 523 2044 non
541 1979 644 2044 solum
660 1978 739 2061 deis,
761 1999 873 2046 verum
890 1980 989 2045 etiam
1005 1979 1112 2062 magis
1127 1979 1236 2045 sidera
1250 1977 1466 2065 oboediuntss)

287 2082 358 2146 Hoc
380 2080 494 2146 mirum
509 2100 574 2146 uon
589 2086 739 2162 estham
755 2085 828 2146 arte
846 2101 906 2146 sua
921 2100 1036 2162 magus
1048 2082 1192 2147 numinis
1207 2081 1312 2147 locum
1328 2087 1467 2163 occupat

287 2188 512 2263 secretamque
534 2185 697 2263 quandam
720 2183 842 2265 accipit
862 2190 1070 2266 potestatem,
1100 2184 1154 2250 cui
1183 2185 1292 2250 omnia
1314 2185 1467 2251 subiecta

287 2291 364 2353 sunt
385 2290 419 2352 et
440 2286 601 2368 parentia.
645 2286 692 2351 Et
714 2287 822 2352 sidera
852 2305 979 2368 quoque
1001 2287 1036 2351 in
1059 2287 1275 2353 maleficorum
1297 2290 1467 2368 potestate

287 2408 359 2456 esse
376 2409 396 2454 a
411 2389 547 2455 Graecis
563 2394 705 2454 tractum
721 2395 786 2454 est:
802 2409 877 2455 nam
890 2391 1071 2455 Thessalae
1086 2388 1157 2454 fere
1171 2408 1298 2470 semper
1312 2389 1467 2456 mulieres

287 2497 365 2558 sunt
387 2511 470 2573 quae
500 2497 600 2558 cantu
622 2511 679 2559 suo
707 2491 816 2558 lunam
847 2497 882 2557 et
912 2493 1023 2558 sidera
1053 2493 1096 2556 ad
1125 2497 1247 2558 terram
1278 2493 1468 2558 detrahunt

287 2596 358 2661 Hoc
373 2596 419 2678 fit,
434 2599 472 2660 ut
487 2600 580 2660 astra
595 2594 675 2676 ipsis
690 2595 883 2678 inserviunt,
899 2597 956 2660 sed
972 2597 1258 2675 quemadmodum
1270 2594 1470 2678 ministrent,

288 2717 448 2778 nusquam
463 2701 637 2762 narratur:
659 2698 808 2779 plerique
827 2703 997 2778 poetarum
1010 2698 1156 2763 contenti
1172 2702 1258 2780 sunt,
1273 2716 1343 2764 cum
1356 2697 1469 2763 sidera

287 2799 438 2881 paruisse
461 2799 597 2865 Medeae
620 2800 817 2865 carminibus
840 2800 1002 2865 dixerunt.
1055 2801 1128 2882 Qua
1158 2801 1198 2864 de
1220 2819 1256 2865 re
1279 2803 1314 2865 te
1336 2799 1468 2865 mittam

287 2903 330 2966 ad
344 2902 385 2965 H.
402 2902 452 2966 W.
469 2901 677 2966 Roscheri
699 2901 817 2966 librum
838 2902 969 2983 saepius
984 2902 1155 2968 laudatum
1184 2884 1264 2966 Uter
1280 2901 1386 2966 Selene
1399 2901 1472 2966 aad

294 3001 492 3065 Verrooadtes
513 3021 587 3083 pag.
611 3003 653 3067 85
661 3021 739 3082 squ,
763 3002 819 3082 qui
842 3003 1060 3069 Romanorum
1084 3003 1274 3070 testimonia
1297 3008 1468 3070 enumerat

289 3110 323 3171 et
351 3109 502 3170 recenset
530 3123 605 3186 pag.
635 3106 677 3171 88
711 3108 783 3171 adn.
812 3106 885 3172 346.
942 3108 1056 3172 Pauca
1085 3105 1280 3187 repetivisse
1314 3105 1470 3172 sufficiet.

287 3206 434 3273 Primum
447 3211 485 3272 ut
497 3208 636 3274 audiant
646 3207 671 3292 4)
683 3208 836 3289 precibus
846 3211 1009 3274 adeuntur
1020 3207 1138 3290 sidera,
1150 3208 1208 3275 Ov.
1221 3209 1299 3274 Met.
1312 3208 1377 3274 VII
1389 3209 1469 3275 192:

288 3345 381 3399 stellae
405 3343 550 3398 retiaculum
573 3361 630 3398 aon
653 3345 761 3399 morbos
784 3347 935 3412 mortesque
958 3343 1151 3409 denuntiatos,
1175 3344 1222 3398 sed
1244 3343 1400 3398 descensum
1424 3343 1470 3398 dei

288 3430 453 3485 venerahilis
470 3429 508 3483 ad
525 3430 663 3484 latomenus
681 3430 895 3485 conservationis
912 3447 1057 3498 rerumque
1074 3429 1235 3484 eaortolium
1251 3429 1381 3500 gratiam.

377 3516 396 3584 1)
409 3516 517 3570 Iudaeis
526 3516 630 3570 caelum
638 3517 778 3571 stellatum
788 3516 951 3585 scripturam
961 3516 1060 3570 summi
1069 3516 1113 3570 dei
1122 3515 1275 3585 exhibebat,
1289 3516 1339 3570 Ph.
1348 3516 1472 3571 Harsa·

288 3601 425 3656 ddrlier
441 3602 459 3655 l.
478 3602 496 3654 l.
513 3617 577 3669 pag.
595 3601 706 3670 278sq.;
731 3601 875 3669 Babylonii
894 3601 995 3656 similia
1013 3601 1180 3672 cogitabant,
1204 3603 1222 3657 J
1230 3617 1334 3656 eusen
1351 3601 1471 3656 Kosmo-

289 3686 357 3757 loge'e
374 3686 423 3739 der
440 3686 611 3756 Babylonicr
630 3703 694 3756 pag.
712 3687 754 3740 45.

376 3771 397 3841 ¹)
416 3773 457 3826 De
475 3776 615 3840 poetarum
627 3771 692 3826 locis
705 3772 758 3826 huc
769 3771 955 3839 spectantibus
972 3772 1053 3840 plura
1065 3770 1161 3826 afferre
1179 3771 1327 3839 supersedi,
1346 3789 1371 3826 v.
1384 3771 1473 3827 ilani·

288 3858 356 3913 lium
374 3857 483 3926 passim,
507 3858 587 3924 Prop.
606 3857 709 3925 11123,
727 3858 758 3925 43
782 3855 860 3912 Ovid.
879 3857 963 3911 Trist.
986 3857 1011 3913 V
1031 3857 1071 3919 10,
1089 3858 1131 3925 45,
1150 3857 1190 3911 Ib.
1209 3856 1270 3925 216;
1295 3856 1360 3912 Hor.
1388 3856 1471 3926 epist.

288 3944 317 3998 II
335 3944 359 4011 2,
379 3942 441 4013 1873
460 3942 572 3996 Anthol.
589 3942 638 3996 lat.
657 3943 698 3996 ed.
715 3942 940 3997 Bltcheler·Riese
958 3943 973 3996 Ι
990 3959 1054 4012 pag.
1072 3943 1123 3996 274
1141 3960 1167 3997 n.
1186 3942 1237 3996 345
1255 3959 1281 3997 r.
1300 3943 1324 3995 2.

376 4028 397 4096 ³)
415 4027 498 4082 Medii
517 4027 578 4082 aevi
603 4027 650 4095 qui
667 4028 780 4082 fuerunt
801 4027 923 4082 homines
947 4028 1034 4082 eidem
1059 4028 1247 4097 superstitioni
1272 4028 1358 4083 dediti
1381 4033 1471 4084 eraut

289 4113 430 4167 Librorum
449 4113 502 4167 huc
522 4113 705 4182 spectantium
723 4112 1002 4182 significantissimum
1026 4113 1135 4192 nomino
1154 4113 1303 4168 Arbatel
1327 4112 1359 4166 de
1377 4114 1470 4183 inopie

289 4200 408 4252 ocimum
426 4199 539 4253 Franks.
561 4197 633 4254 1686.
1113 4241 1115 4246 .

375 4283 396 4350 ⁴)
415 4284 514 4338 Stellas
532 4284 627 4338 audire
644 4284 780 4353 putabant
797 4282 818 4337 ii
836 4299 949 4353 quoque,
969 4284 1016 4352 qui
1039 4301 1088 4352 per
1105 4292 1181 4339 astra
1199 4283 1335 4338 iurabant.
1371 4285 1471 4339 Exem-

289 4369 365 4437 plum
383 4384 468 4423 unum
486 4369 614 4424 attulisse
632 4369 701 4424 satis
716 4369 762 4438 sit,
779 4370 860 4424 Mart.
879 4370 918 4424 IX
936 4370 977 4438 22,
997 4370 1031 4423 15
1047 4385 1162 4439 superos
1180 4386 1213 4424 ac
1230 4368 1324 4423 sidera
1343 4373 1435 4425 testor.
