3292 4958
282 340 346 407 238
729 335 881 390 Guilelmus
899 334 1006 390 Gundel
1385 331 1461 420 [146

282 513 455 590 suspectus
474 512 534 573 est.
571 507 665 589 Quod
679 505 805 571 fecerat
822 509 972 587 cometes,
996 503 1053 584 qni
1067 503 1241 570 Paterculo
1265 508 1299 569 ct
1321 503 1462 585 Vopisco

283 610 472 677 consulibus
494 608 664 691 apparuit:
693 609 825 689 fuerant
853 609 934 670 enim
964 608 1121 670 maximoe
1149 613 1176 670 et
1205 608 1368 670 continuae
1390 613 1462 670 tem-

280 718 414 797 pestates
435 711 739 796 aequamentum.
758 714 883 790 quaest.
898 710 964 774 VH
979 710 1029 791 28,
1045 709 1087 793 2).
1123 710 1266 774 Torrent
1287 714 1464 790 praeterea

284 814 427 882 crinitae
450 833 568 896 aerem,
590 819 628 879 ut
650 813 801 878 siccitate
827 816 861 878 et
884 816 1014 894 segetes
1036 814 1177 893 pereant
1206 815 1240 877 et
1262 812 1380 877 stellae
1409 830 1463 877 ex·

284 917 456 984 cutiantur
478 917 578 1001 (Man.
601 916 706 998 1894,
728 915 846 981 Anien.
870 915 906 980 Il
929 916 1013 980 1814
1022 933 1098 997 sqq,
1122 914 1213 980 Serv.
1235 915 1255 980 l.
1277 914 1326 998 1.);
1355 918 1464 980 motus

283 1025 396 1086 terrae
419 1039 439 1084 a
462 1019 597 1084 cometis
620 1018 753 1084 effectos
775 1017 880 1083 tradit
903 1017 1027 1082 Seneca
1049 1017 1070 1082 l.
1093 1017 1114 1082 l.
1158 1016 1385 1082 Mathematici
1408 1016 1464 1084 vel

285 1142 323 1189 eo
351 1121 658 1204 progrediebantur,
688 1125 726 1186 ut
756 1121 993 1186 contenderent
1022 1124 1202 1202 serpentes
1223 1119 1465 1201 inundationes,

284 1224 440 1307 nebulas,
470 1242 623 1305 pecorum
652 1227 763 1304 pestes
790 1221 902 1288 afferri
929 1242 950 1287 a
979 1221 1124 1304 cometiS,
1153 1239 1183 1287 v.
1213 1221 1364 1289 Servium
1393 1222 1415 1286 l.
1444 1222 1466 1287 l.

285 1327 398 1408 Neque
420 1325 620 1408 mirabimur,
653 1326 738 1405 quod
759 1326 814 1391 vel
834 1324 1009 1406 unicuique
1039 1329 1150 1390 terrae
1180 1329 1289 1390 certas
1317 1324 1466 1390 flammas

285 1433 452 1496 comantes
482 1427 725 1495 destinaverint
756 1432 856 1508 atque
884 1427 1068 1494 doctrinam
1098 1429 1263 1508 quandam
1301 1429 1341 1492 de
1370 1426 1466 1494 vario

226 1540 229 1548 ’
286 1536 486 1597 cometarum
509 1530 627 1596 effectu
650 1529 892 1615 prodiderintl)

372 1651 496 1732 Populo
533 1669 612 1718 vero
642 1668 860 1732 unaquaeque
889 1650 987 1716 stella
1017 1649 1139 1715 crinita
1175 1668 1278 1729 aeque
1307 1648 1467 1730 pestifere

286 1752 435 1834 videtnr;
458 1758 491 1819 et
514 1757 632 1834 poetae
654 1771 718 1818 non
740 1757 914 1818 recurrunt
937 1754 980 1818 ad
1002 1752 1306 1818 mathematicorum
1327 1751 1467 1819 subtiles

287 1855 493 1937 disciplinas,
523 1857 583 1921 sod
612 1859 789 1921 versantur
818 1855 921 1920 solum
950 1855 985 1920 in
1016 1854 1238 1920 describendis
1268 1859 1468 1921 cometarum

288 1956 433 2022 crinibus
455 1961 490 2022 et
513 1958 639 2022 ardore.
685 1958 825 2022 Praeter
846 1957 933 2023 locos
960 1956 1025 2023 iam
1056 1957 1208 2023 laudatos
1238 1959 1372 2024 afferam
1403 1957 1469 2024 Oic.

287 2062 329 2126 de
358 2078 443 2125 cons.
473 2059 509 2125 Il
538 2079 569 2125 v.
598 2059 647 2141 15,
677 2058 765 2124 PRF
795 2077 869 2140 pag.
902 2060 965 2124 299
995 2059 1092 2142 (claro
1121 2060 1247 2124 tremuli
1275 2060 1387 2124 ardore
1421 2079 1468 2124 co-

290 2162 413 2247 metae),
441 2163 540 2244 Verg.
571 2161 688 2244 Georg.
711 2162 729 2226 Ι
751 2162 814 2226 488
844 2161 922 2246 (dart
942 2166 1086 2244 cometae,
1118 2162 1158 2227 cf.
1188 2161 1305 2229 Avien.
1327 2163 1470 2247 11594),

288 2265 370 2331 Aen.
390 2265 424 2331 X
440 2265 503 2331 273
526 2264 705 2349 (scopatae
718 2267 867 2348 cometae),
890 2264 980 2345 Calp.
996 2263 1058 2329 Sic.
1072 2264 1091 2328 I
1106 2265 1146 2329 81
1171 2264 1306 2347 (ardenti
1319 2266 1471 2330 scintillat

375 2435 395 2503 ¹)
413 2452 440 2490 v.
459 2435 533 2490 Serv.
546 2435 563 2488 l.
576 2434 611 2504 l.;
635 2439 668 2488 ut
685 2434 839 2488 accuratius
858 2440 985 2489 eventum
1005 2404 1135 2501 cuiusque
1152 2438 1272 2488 cometae
1290 2434 1469 2504 destinarent,

289 2520 373 2575 etiam
397 2520 579 2575 observabant
595 2519 663 2573 lucis
688 2535 788 2589 genus;
813 2519 852 2574 sic
873 2519 940 2574 dicit
963 2519 1069 2574 Plinius
1088 2519 1151 2573 Nat.
1169 2518 1232 2574 hist.
1252 2519 1347 2574 1192:
1365 2519 1469 2589 referre

290 2605 475 2675 arbitrantur,
500 2605 533 2658 ia
550 2621 618 2672 qaas
631 2608 728 2674 partae
746 2620 802 2659 aeae
819 2605 957 2659 iaculetur
974 2604 1121 2658 octoadas
1138 2603 1232 2658 stellae
1252 2605 1323 2660 cirea
1340 2605 1469 2676 occipiat,

281 2682 408 2760 'qnaaqae
425 2689 623 2745 cimititade'aee
643 2689 743 2744 reddat
768 2693 795 2743 et
818 2689 916 2758 quibua
939 2689 971 2743 ia
995 2689 1061 2744 tocie
1079 2689 1181 2743 eoricet.
1217 2689 1310 2745 Omnis
1333 2691 1401 2746 haec
1423 2707 1471 2748 ve·

288 2783 378 2831 terum
396 2776 511 2830 scientia
528 2776 642 2844 probata
659 2781 730 2829 esta
747 2775 900 2830 hominibus
918 2775 1113 2843 superstitiosis
1131 2776 1205 2830 XVI.
1218 2780 1247 2847 et
1258 2776 1348 2831 XVII.
1359 2777 1470 2847 sacculi,

289 2861 387 2929 quibus
396 2861 563 2928 temporibus
572 2859 701 2927 permulti
707 2867 828 2916 cometae
834 2860 975 2929 ingentem
985 2865 1114 2914 terrorem
1120 2861 1281 2917 mortalibus
1290 2861 1471 2919 incutiebant.

289 2945 398 3014 Optime
415 2945 588 3000 illustrentur
612 2945 719 2999 illorum
743 2946 855 3000 timores
878 2946 920 3000 his
944 2946 1063 3001 Pontani
1086 2947 1210 3002 versibus
1234 2949 1270 3017 (v.
1288 2949 1333 3004 W.
1353 2949 1471 3005 Serlin

287 3029 479 3100 'Oometotoqa'a
497 3031 646 3084 Francirut
664 3031 731 3084 1665
748 3047 811 3099 pag.
830 3030 905 3100 185):

445 3115 590 3186 Acbterley
614 3115 736 3186 Uaplriclc
752 3116 784 3170 ia
800 3117 907 3187 gemela
924 3116 1048 3189 entatebt

450 3202 539 3257 Weaa
555 3201 587 3256 ia
605 3201 652 3256 oter
669 3202 751 3270 Lafft
766 3201 902 3257 eracbeint
920 3203 965 3257 eia
985 3203 1084 3259 Comet.

450 3285 509 3344 Vtel
526 3287 634 3352 Fieber,
654 3287 832 3358 Kraaclcbee't,
851 3289 1002 3343 Pestilente
1018 3289 1077 3343 aad
1098 3289 1162 3359 Tod,

447 3372 567 3428 Schwerc
586 3374 655 3440 Zeit,
674 3373 789 3443 Moaqel
805 3375 864 3427 ared
878 3390 956 3443 proce
973 3374 1208 3445 Haaqere-Notb:

447 3457 533 3513 Graec
551 3458 627 3528 Hite,
646 3458 716 3513 debr
732 3459 797 3514 Zeit
813 3459 872 3514 aad
895 3459 1144 3528 Uafracbtborlseit.

443 3544 538 3613 Kriep,
556 3543 646 3611 Raab,
664 3545 773 3615 Braad,
792 3544 883 3614 Mord,
901 3544 1046 3615 Auffrabr,
1066 3544 1145 3615 Netd,
1163 3545 1240 3600 Haeo
1256 3544 1316 3600 aad
1334 3543 1428 3614 saeta

443 3629 536 3697 Froet,
555 3628 632 3698 Kdlt,
651 3630 757 3699 Starm,
781 3629 898 3698 Winter,
922 3630 1031 3700 Wetter,
1056 3630 1274 3688 womero-Nota

449 3712 509 3769 Viel
525 3713 609 3768 bober
627 3714 712 3768 Lente
735 3715 893 3784 Ueterqaaq
911 3715 970 3769 aad
990 3715 1063 3770 Teo:

443 3798 637 3854 Facere-Notb
654 3799 713 3854 aad
729 3799 874 3855 Erdbebea
891 3817 931 3855 aa
948 3800 1090 3856 monebam
1107 3801 1181 3870 ned,

448 3883 549 3940 Graece
572 3884 768 3956 Vardaderaaq
785 3885 833 3939 der
849 3885 1002 3956 Regimeat.

289 3969 437 4025 Praeterea
454 3971 602 4025 secundum
617 3970 688 4024 lmnc
701 3976 852 4026 nascuntur
864 3970 967 4027 bestiae
979 3971 1108 4027 homines'
1117 3972 1288 4028 devorantes.
1305 3969 1388 4040 Apud
1404 3968 1472 4025 alios

291 4054 450 4111 edendnm
459 4056 502 4110 his
511 4055 681 4125 opinionibus
690 4055 898 4112 christianorum
908 4057 1023 4126 propriis
1031 4077 1037 4110 :
1045 4057 1114 4112 diem
1125 4073 1280 4126 supremum
1287 4055 1473 4112 cenationum·

290 4139 358 4194 tiari
374 4141 420 4196 vel
431 4140 574 4196 interitum
590 4140 755 4210 antichristi,
774 4157 853 4209 quem
866 4142 915 4196 alii
927 4143 1012 4197 alium
1024 4141 1152 4198 dicebant
1168 4143 1248 4198 velut
1259 4158 1360 4212 papam
1370 4140 1473 4196 Tureoe

290 4240 378 4295 eosve,
396 4227 444 4294 qui
461 4227 542 4281 tidem
559 4227 744 4295 sequebantur
766 4229 964 4298 evangelicam.
1000 4229 1092 4296 Atque
1116 4234 1159 4284 tot
1175 4228 1241 4284 locis
1258 4233 1404 4284 occurrunt
1420 4225 1473 4281 luae

290 4311 451 4380 commodae,
469 4317 502 4366 ut
519 4312 643 4380 exempla
660 4312 760 4368 addere
776 4329 1008 4381 supervacaneum
1025 4318 1129 4382 putem.
