3292 4958
752 348 904 402 Guilelmus
922 346 1029 401 Gundel

620 760 641 854 ἓ
669 769 704 834 3.
749 767 810 835 De
835 764 1005 834 Arcturi
1032 763 1162 834 stella.

392 933 569 995 Arcturum
592 929 733 1011 stellam,
753 928 788 992 id
810 929 894 1009 quod
916 927 981 992 iam
1009 927 1044 991 in
1059 926 1221 1007 prooemio
1243 945 1345 1008 supra
1366 928 1484 1010 monui,

305 1036 367 1099 hoc
388 1034 457 1098 loco
473 1031 588 1114 adieci,
609 1031 690 1096 licet
706 1029 944 1111 appellationes
964 1034 1023 1094 aut
1038 1028 1216 1112 religiones
1230 1029 1397 1096 Romanas
1411 1048 1484 1095 cum

305 1154 343 1201 eo
373 1134 565 1200 coniunctas
593 1134 774 1199 habeamus
814 1133 935 1213 nullas,
974 1151 1049 1197 nam
1078 1131 1225 1198 Graecae
1259 1150 1369 1198 omnes
1398 1138 1485 1199 sunt.

307 1238 402 1304 Unde
425 1235 573 1316 sequitur
587 1235 768 1316 priscorum
783 1233 975 1300 Latinorum
992 1233 1262 1316 significationem
1283 1240 1342 1301 aut
1357 1234 1485 1300 omnino

306 1358 371 1406 non
394 1337 564 1405 exstitisse
579 1343 637 1403 aut
652 1337 781 1421 graecis
796 1336 931 1404 vocibus
954 1342 1069 1418 postea
1083 1355 1268 1418 repressam
1283 1355 1366 1402 esse:
1389 1356 1485 1418 qnam

307 1442 529 1524 quaestionem
552 1442 702 1507 hocloco
725 1443 865 1506 nondum
896 1439 1076 1505 diiudicare
1106 1442 1217 1505 audeo.
1261 1441 1385 1505 Tamen
1414 1458 1486 1506 aro·

306 1552 416 1611 turum
439 1545 585 1626 recipere
601 1564 664 1610 non
681 1543 842 1626 dubitavi,
865 1543 943 1623 quia
958 1542 1108 1623 aequiore
1130 1548 1243 1608 aetate
1258 1560 1383 1608 summa
1397 1544 1488 1624 apud

306 1649 470 1714 Romanos
501 1647 629 1715 viluit
659 1646 914 1727 saepissimeque
941 1645 1201 1726 ascriptoribus
1231 1649 1266 1710 et
1287 1643 1421 1712 vinctae
1451 1649 1488 1711 et

307 1752 434 1816 solutae
457 1748 615 1816 orationis
636 1754 823 1831 usurpatur.
868 1749 945 1814 Cum
978 1767 1055 1814 vero
1077 1747 1173 1814 initio
1203 1766 1268 1813 non
1290 1766 1349 1829 pro
1380 1746 1488 1814 sidere

309 1855 366 1918 sed
388 1872 447 1933 pro
470 1853 570 1918 stella
592 1852 754 1934 singulari
775 1856 940 1916 arcturum
964 1850 1119 1916 habuisse
1140 1850 1321 1916 videantur
1345 1854 1488 1933 veteres

309 1971 382 2020 eum
404 1955 438 2018 in
461 1954 564 2036 primo
587 1954 695 2034 capite
719 1972 969 2018 commemorare
991 1952 1091 2018 malui
1114 1972 1210 2033 qnam
1237 1953 1272 2017 in
1295 1954 1445 2018 secundo.

666 2193 686 2260 Ι.
721 2193 765 2261 lle
788 2193 917 2262 Arcturi
941 2193 1132 2262 nominibus.

394 2349 618 2429 Arcturus,
648 2348 693 2409 rt
721 2365 794 2428 gen.
824 2365 937 2412 masc:
969 2346 1106 2412 Graecis
1135 2344 1310 2431 ἀρκτοῦρος
1339 2345 1416 2412 inde
1445 2346 1488 2411 ab

308 2450 445 2516 Hesiodi
467 2454 580 2516 aetate
604 2454 702 2515 notus
724 2454 799 2515 erat
821 2449 882 2534 (op.
904 2449 990 2534 566),
1023 2450 1079 2530 qui
1110 2468 1208 2514 unam
1238 2448 1328 2514 illam
1358 2447 1490 2515 stellam

308 2554 359 2618 ita
383 2553 539 2635 appellat,
563 2571 662 2634 equa
682 2556 797 2635 postea
816 2557 919 2618 totum
936 2551 1028 2618 sidus
1044 2570 1160 2618 nomen
1181 2551 1326 2618 traxisse
1339 2550 1488 2619 videtur:

307 2654 406 2740 ἀστὴρ
434 2655 625 2739 Ἀρκτοῦρος.
677 2656 863 2721 Posteriora
901 2660 1013 2720 autem
1049 2660 1196 2735 tempore
1226 2656 1355 2720 demum
1384 2659 1489 2721 totum

308 2759 407 2838 sidua,
430 2776 448 2823 e
468 2776 531 2837 qno
554 2757 684 2839 eminet,
706 2759 907 2838 appellatum
930 2775 1003 2822 esse
1025 2756 1096 2823 veri
1118 2757 1224 2823 simile
1247 2761 1306 2839 est,
1335 2756 1364 2822 si
1393 2756 1489 2825 remi-

309 2859 467 2925 niscimur
482 2878 602 2940 eorum,
626 2878 710 2939 quae
729 2878 829 2941 supra
847 2879 877 2940 p.
893 2859 935 2924 34
959 2861 1000 2925 de
1015 2858 1100 2925 Sirio
1115 2859 1307 2926 dictasunt.
1349 2858 1489 2941 Primus,

310 2965 473 3042 qnantum
500 2979 558 3026 nos
581 2961 738 3043 videmus
769 2963 809 3026 de
831 2963 924 3044 signo
954 2961 1074 3043 Lysias
1104 2961 1189 3026 dixit
1218 2962 1389 3045 (Harpocr.
1412 2980 1437 3028 s,
1459 2979 1489 3027 v.

307 3061 502 3149 ἅρκτοῡρος).
553 3063 660 3146 Quam
687 3065 728 3129 ob
758 3083 826 3130 rem
855 3083 919 3130 non
949 3065 1121 3147 miramur,
1159 3066 1243 3145 quod
1272 3063 1307 3129 in
1336 3064 1489 3130 Rudente

309 3165 482 3248 Plautina,
521 3185 605 3247 quae
628 3166 777 3248 primam
811 3167 947 3233 Arcturi
982 3167 1169 3233 memoriam
1207 3167 1295 3248 apud
1326 3165 1489 3231 Romanos

311 3268 477 3352 servavit,
508 3268 626 3335 sideris
648 3269 848 3352 significatio
870 3269 1069 3353 inveniatur,
1091 3289 1137 3336 vs.
1161 3272 1250 3351 asu:

465 3389 514 3454 ita
536 3408 616 3474 sum,
637 3395 674 3456 ut
696 3391 828 3474 videtis,
850 3391 1026 3473 splendens
1048 3390 1146 3456 stella
1169 3389 1318 3472 candida„

465 3493 631 3575 signum
655 3496 740 3574 qnod
763 3513 891 3574 semper
913 3499 1057 3574 tempore
1080 3492 1227 3558 exoritur
1248 3510 1314 3574 sno,

313 3600 347 3660 et
369 3613 417 3661 vs
437 3595 493 3660 70:

465 3715 539 3761 nam
563 3698 725 3762 Arcturus
749 3697 915 3778 signum
939 3717 1010 3762 sum
1033 3697 1174 3763 omnium
1197 3695 1400 3763 acerrimum.

397 3816 462 3882 Sed
469 3821 604 3897 praeter
611 3817 767 3883 Plautum
775 3837 834 3899 per
842 3817 950 3883 omnia
961 3817 1031 3884 fere
1043 3817 1158 3884 Latini
1173 3817 1331 3884 sermonis
1343 3822 1491 3898 tempora

311 3918 431 4000 duplex
447 3918 679 4000 appellationis
697 3939 774 3985 usus
796 3925 831 3986 et
841 3921 961 3986 stellae
984 3927 1016 3986 et
1043 3920 1159 3987 sideris
1176 3923 1324 4004 extabat,
1339 3919 1431 3986 cuius
1443 3919 1492 3985 rei

311 4023 462 4103 exempla
477 4028 556 4101 quot
578 4027 767 4087 manserunt
790 4028 944 4105 congesta
963 4028 1041 4089 sunt
1059 4024 1093 4088 in
1110 4024 1278 4089 Thesauro
1293 4023 1428 4106 linguae
1443 4022 1492 4086 la-

312 4122 403 4188 tinae
414 4124 449 4188 Il
461 4125 587 4208 472sq.,
599 4144 684 4205 quae
693 4125 801 4190 omnia
813 4132 962 4208 repetere
970 4128 1093 4192 taedet.
1115 4126 1188 4191 Duo
1200 4123 1491 4192 tantumafferam:

311 4225 469 4291 orationis
491 4226 619 4292 solutae
648 4232 769 4293 testem
792 4230 988 4311 Varronem,
1018 4230 1074 4308 qui
1105 4234 1139 4294 et
1167 4229 1238 4311 ipse
1268 4230 1309 4294 de
1337 4225 1490 4292 universo

311 4327 421 4394 sidere
452 4329 577 4411 cogitat
605 4330 658 4415 (de
688 4351 713 4397 r.
734 4350 759 4396 r.
789 4331 841 4396 ΠΙ
866 4334 915 4414 16,
937 4333 994 4398 34;
1024 4335 1189 4412 calmetam
1221 4336 1301 4395 totus
1331 4329 1494 4392 mundar
