3278 4964
172 362 227 451 73]
396 363 437 416 De
455 364 596 418 stellarum
615 363 796 432 appellatione
814 369 843 419 et
860 363 991 433 religione
1008 365 1130 420 Romana
1287 367 1350 434 165

170 538 368 602 censuerunt
398 534 593 600 vocabulum
624 532 739 614 ἄρκτος
760 536 935 601 cohaerere
965 554 1037 601 cunr
1066 535 1178 603 radice
1201 538 1350 619 quadam,

169 656 254 718 quae
286 637 396 702 lucere
429 636 610 718 significet,
643 636 693 702 ita
726 641 763 702 ut
797 634 912 718 ἄρκτος
944 637 988 703 sit
1020 639 1119 704 stella
1151 639 1262 705 lucida
1295 640 1350 706 vel

168 738 383 822 splendida1)
435 738 499 805 Sed
529 739 611 805 haec
641 737 873 821 interpretatio
902 759 940 806 eo
969 741 1116 824 reicitur,
1146 743 1230 823 quod
1262 744 1351 824 apud

169 841 251 907 alios
281 841 417 922 populos
447 842 504 922 qui
533 860 709 922 numquam
737 841 839 907 ullum
869 843 1092 908 commercium
1122 862 1194 909 cum
1213 844 1350 911 Graecis

168 945 364 1024 habuerunt,
387 943 530 1025 ipsorum
552 943 669 1026 lingua
692 943 783 1010 sidus
813 944 895 1010 illud
925 963 1003 1010 ursa
1025 947 1226 1027 appellatur:
1257 947 1351 1015 velut

169 1048 258 1128 apud
285 1047 459 1129 indigenas
493 1047 665 1112 Americae
694 1047 1000 1131 septentrionalis.2)
1051 1048 1223 1115 Sumamus
1246 1048 1351 1132 igitur

169 1168 303 1216 necesse
326 1152 385 1231 est,
415 1156 545 1216 veteres
569 1150 712 1216 Graecos
743 1149 794 1216 his
825 1153 950 1230 septem
980 1151 1085 1217 stellis
1115 1152 1351 1233 apparentibus

170 1270 283 1319 veram
321 1270 429 1317 ursam
468 1251 683 1332 conspexisse.
741 1253 829 1320 Ursa
865 1253 1098 1334 potentissima
1135 1255 1350 1321 venatoribus

170 1354 287 1436 priscis
296 1355 598 1432 videbaturbestia,
607 1354 642 1420 iu
652 1374 749 1436 quam
761 1357 898 1421 multum
908 1356 1118 1438 cogitationis
1131 1358 1350 1423 contulerunt.

171 1457 243 1540 Quo
264 1457 377 1539 fiebat,
398 1463 436 1523 ut
459 1459 552 1523 deam
581 1459 641 1523 sub
668 1477 764 1524 ursae
787 1459 897 1539 specie
926 1459 1032 1525 latere
1062 1464 1228 1542 putarent
1257 1459 1350 1526 cuius

170 1559 314 1626 famulae
340 1565 375 1626 et
403 1560 495 1642 ipsae
528 1558 640 1643 ἄρκτοι
668 1560 802 1645 erantl)
854 1560 965 1645 Quare
994 1562 1160 1628 assentiar
1188 1563 1298 1629 uerbis
1329 1581 1350 1627 a

170 1662 347 1729 Kellero
368 1663 514 1745 prolatis,
537 1664 594 1743 qui
608 1667 779 1744 postquam
793 1664 862 1729 loco
878 1663 913 1729 in
931 1663 1144 1730 adnotatione
1159 1664 1295 1730 laudato
1310 1665 1351 1730 de

171 1765 317 1832 Iudianis
340 1766 418 1848 egit,
441 1767 522 1832 haec
544 1767 653 1831 addit:
676 1767 854 1830 Beidesmol
880 1766 975 1832 lota
998 1769 1057 1830 aar
1077 1788 1108 1832 cs
1130 1818 1137 1832 .
1159 1819 1166 1832 .
1189 1818 1197 1833 .
1219 1770 1275 1831 mit
1295 1767 1352 1832 der

170 1867 353 1950 Erpindunp
389 1870 471 1932 eicos
499 1868 702 1952 Jdperooltas
729 1889 772 1932 aa
801 1869 895 1947 thuro,
925 1869 983 1932 dus
1005 1921 1012 1935 .
1035 1920 1072 1935 ..
1101 1872 1137 1932 o'a
1164 1869 1232 1934 dem
1260 1875 1350 1952 prost-

170 1972 324 2054 arta'psteo
353 1969 526 2035 Stcrabc'ldc
554 1971 608 2036 des
636 1970 793 2035 Himmels
823 1974 873 2035 τοο
903 1971 981 2035 Bru
1009 1971 1061 2036 des
1088 1972 1214 2054 Kb'oips
1249 1975 1351 2037 sciam

177 2073 305 2137 Wdlda·
326 2074 487 2157 erbliclct.⁴)

257 2176 437 2260 Quaeritur
449 2177 582 2243 ubinam
595 2181 727 2244 veteres
741 2176 776 2242 in
792 2177 934 2262 imagine
947 2197 1044 2245 ursae
1056 2182 1200 2259 caputet
1212 2180 1351 2244 caudam

170 2280 413 2347 collocaverint.
465 2278 677 2346 Diiudioatur
696 2281 757 2346 hoc
779 2281 919 2346 Homero
948 2286 1043 2363 teste,
1073 2280 1129 2361 qui
1152 2279 1266 2364 ἄρκτον
1298 2278 1351 2343 τὸν

170 2380 302 2466 Ὠρίωνα
331 2380 525 2445 ὁοκεύουσαν
557 2381 640 2448 iacit
669 2382 719 2467 (Il.
749 2382 868 2448 XVHI
897 2384 976 2465 488,
1012 2382 1069 2448 0d.
1098 2383 1129 2448 V
1158 2383 1233 2468 274)
1264 2383 1294 2446 h.
1323 2401 1351 2447 e.

172 2484 323 2550 Orionem
352 2485 614 2565 prospicientem.
659 2484 761 2566 Quem
791 2490 956 2550 auctorem
979 2489 1111 2550 secutus
1138 2471 1194 2551 ubi
1223 2485 1350 2550 caelum

171 2586 350 2669 aspexeris,
372 2587 548 2670 caudam⁶)
570 2605 666 2653 ursae
689 2588 826 2652 eundem
847 2606 919 2653 esse
943 2605 1038 2667 quem
1054 2605 1167 2652 currus
1189 2592 1350 2653 temonem

171 2690 288 2756 statim
310 2690 476 2773 videbisl)
522 2691 615 2773 Quae
636 2689 746 2771 figura
767 2694 891 2772 septem
907 2690 1077 2756 stellarum
1098 2691 1140 2755 ab
1156 2689 1350 2756 astronomis

170 2827 270 2897 priccb.
288 2826 409 2896 Etymol.
430 2826 487 2894 133,
506 2826 677 2881 Schrader
694 2825 871 2881 Rcollcocc'coa
894 2826 943 2880 der
959 2825 1013 2896 idq.
1032 2825 1274 2880 Altcrtumabonde
1290 2825 1350 2896 826,

172 2912 203 2969 Ο.
220 2914 343 2969 Keller
364 2912 441 2967 Ticre
460 2911 831 2981 deokloaa.Altcrtama127,
850 2913 875 2968 J.
885 2913 911 2968 J.
924 2913 1100 2967 Bachofen
1111 2912 1172 2967 Der
1182 2913 1244 2966 Bor
1255 2913 1286 2966 ia
1298 2911 1351 2966 dea

171 2998 333 3068 Rolipioaoa
345 2997 767 3067 dcsAltcrtamsBasil.1863p.
782 2998 822 3051 17.
840 2999 943 3053 Rivol
951 3015 987 3053 ae
1000 2999 1099 3053 librum
1113 2997 1156 3052 dic
1167 2997 1351 3068 griechischen

173 3083 349 3148 Steraba'ldor,
367 3084 463 3153 Progr.
482 3084 622 3139 Bruchsal.
642 3084 716 3154 1857,
735 3090 768 3138 ut
785 3084 945 3152 inspicerem
963 3084 1031 3138 mihi
1048 3101 1102 3139 non
1122 3085 1247 3154 contigit.

260 3169 280 3238 ¹)
298 3170 348 3224 Tu.
361 3170 475 3238 Bergk
490 3168 597 3225 Griccb.
609 3169 940 3224 turmam-cacabate
951 3170 1024 3225 1111
1035 3170 1096 3224 adn.
1110 3170 1167 3238 161,
1176 3172 1212 3225 Μ.
1224 3170 1307 3225 Mul]
1316 3185 1351 3226 er

172 3254 190 3309 l.
209 3272 229 3309 s.
247 3255 277 3308 II
295 3255 353 3323 341,
372 3255 407 3308 Η.
425 3256 560 3309 Usener
577 3255 645 3309 Mus.
664 3255 750 3310 Rhen.
768 3256 866 3309 XXIII
883 3254 942 3308 334.

259 3339 280 3408 ²)
298 3357 324 3394 v.
342 3340 461 3408 Bailly
489 3339 647 3394 Gcacbicbte
670 3339 718 3394 der
742 3339 914 3394 Stcrakuadc
937 3339 984 3393 dcr
1010 3339 1144 3394 Griecbea
1172 3339 1202 3392 ΙΙ
1230 3355 1257 3407 p.
1285 3339 1350 3407 3235

171 3425 203 3480 0.
215 3426 339 3480 Keller
359 3425 436 3478 Tiere
447 3426 494 3480 dea
508 3425 588 3480 klcaa
598 3425 751 3479 Altertama
764 3425 825 3494 127;
838 3426 956 3479 Pausan.
969 3424 1010 3479 ed.
1023 3424 1049 3479 J.
1062 3424 1094 3479 G.
1106 3425 1236 3479 Frater
1247 3424 1288 3479 IV
1300 3423 1350 3477 191

173 3511 208 3565 ad
225 3511 296 3566 VIII
313 3511 337 3580 3,
357 3512 381 3563 7.

260 3594 280 3665 ³)
298 3596 324 3652 J.
342 3598 368 3653 J.
392 3597 571 3651 BachoIen
596 3597 614 3650 l.
632 3613 653 3652 a.
677 3613 703 3666 p.
728 3597 761 3651 15
773 3612 830 3663 sqq.
855 3596 940 3663 24sq.
976 3595 1032 3650 Ed.
1057 3595 1172 3663 Meyer
1194 3594 1351 3650 Geacbicbte

174 3680 220 3735 dea
238 3682 391 3735 Altertuma
409 3682 496 3750 1199,
516 3682 575 3735 104.

261 3769 283 3836 ⁴)
301 3768 390 3834 Quare
407 3768 517 3823 reiciam
536 3773 568 3822 ut
586 3767 705 3823 crinibus
723 3773 860 3836 arreptam
876 3766 1082 3836 explicationem
1100 3766 1351 3822 aWitekindio

173 3852 206 3906 de
216 3853 335 3923 opham
347 3852 445 3907 mandi
456 3853 655 3922 Heidelbergae
667 3852 735 3907 1574
747 3869 772 3921 p.
786 3853 821 3906 60
831 3853 959 3908 allatam:
972 3851 1078 3907 Nomen
1090 3868 1223 3906 ursorum
1230 3851 1352 3921 petitam

172 3937 282 3994 amtor
299 3956 316 3992 ο
334 3941 438 3992 acturo
456 3939 508 3992 soli
526 3937 565 3992 eia
582 3937 703 4009 subiecti,
721 3937 793 4006 qaod
810 3937 859 3992 boc
876 3937 1122 4009 praeconiando
1139 3936 1271 3992 abundat.

261 4025 281 4093 ⁶)
299 4040 325 4079 v.
343 4025 543 4079 Buttmannnm
560 4025 578 4078 l.
591 4041 612 4078 a.
630 4040 655 4092 p.
674 4024 716 4077 36.
749 4023 838 4090 Quam
856 4025 970 4079 caudam
987 4023 1136 4093 longiorem
1149 4039 1208 4079 esse
1226 4039 1258 4078 ea
1270 4038 1353 4091 qnam

173 4125 239 4165 vera
256 4125 321 4165 ursa
339 4111 412 4181 gerit
430 4110 627 4164 concedendum
645 4114 694 4164 est.
731 4107 783 4164 Sed
801 4109 903 4165 talibus
920 4109 1044 4164 minutiis
1068 4124 1085 4162 a
1102 4109 1281 4178 comparando
1298 4125 1352 4164 non

172 4195 381 4251 deterrebantur
397 4196 497 4264 populi,
516 4211 582 4263 quos
605 4194 758 4263 primitivos
777 4210 911 4264 vocamus,
930 4194 958 4249 id
976 4195 1048 4263 quod
1071 4198 1145 4250 recte
1168 4194 1222 4249 iam
1247 4195 1353 4250 monuit

172 4279 204 4336 0.
222 4280 342 4336 Keller
359 4281 377 4335 l.
395 4297 417 4334 s.

259 4366 281 4436 ο)
299 4366 392 4435 Neque
421 4373 513 4421 tamen
542 4365 694 4435 praefracte
717 4365 814 4435 negari
836 4370 929 4435 potest
950 4365 1049 4433 fuisse,
1076 4364 1123 4434 qui
1146 4370 1282 4421 temonem
1305 4380 1353 4435 pro
