3292 4958
147 386 149 388 ’
230 382 293 447 204
681 381 832 437 Guilelmus
849 380 956 437 Gundel
1332 379 1411 468 [112

230 553 391 619 Romanos
408 553 587 635 scriptores
602 553 756 620 inventas
773 571 997 618 enumerarem
1013 556 1046 618 et
1061 571 1124 618 non
1139 551 1204 619 nisi
1220 549 1411 620 cautissime

230 657 271 721 de
294 655 498 738 singularum
521 655 646 738 origine
669 654 749 736 quid
771 654 927 720 sentirem
955 656 1117 720 adderem.

315 757 382 824 Ubi
412 758 550 839 primum
584 761 714 823 veteres
744 757 884 823 Romani
913 756 1015 822 oculis
1046 757 1082 822 in
1113 758 1239 823 caelum
1268 756 1410 822 sublatis

229 860 345 926 stellas
368 861 546 926 obseruare
568 864 755 941 coeperunt,
776 862 910 940 praeter
925 859 1128 940 splendorem
1143 862 1266 926 motum
1284 877 1411 940 quoque

231 982 343 1028 earum
365 963 629 1029 animadvertere
652 963 825 1028 debebant.
868 962 979 1042 thue
1008 962 1045 1027 in
1070 967 1162 1028 terra
1187 963 1257 1028 loco
1286 961 1413 1029 moveri

231 1084 295 1130 non
318 1064 382 1131 nisi
406 1064 602 1131 animalibus
625 1083 811 1130 concessum
836 1068 917 1148 erat,
948 1069 982 1131 et
1016 1063 1123 1131 stellis
1155 1064 1282 1130 animas
1312 1065 1412 1130 datas

230 1185 302 1233 esse
325 1187 399 1233 mox
422 1166 486 1232 sibi
508 1171 751 1248 persuaserunt.
795 1167 860 1232 Sed
878 1186 949 1232 cum
972 1167 1120 1233 rudiores
1142 1167 1253 1249 populi
1281 1166 1412 1232 animas

231 1270 303 1335 sine
332 1289 465 1351 corpore
494 1275 657 1353 vagantes
687 1269 811 1352 fingere
840 1269 1006 1352 nesciant,
1041 1269 1141 1335 etiam
1170 1269 1342 1335 stellarum
1376 1270 1413 1336 in

231 1391 367 1454 corpora
389 1372 601 1438 incluserunt.
645 1373 700 1437 Ita
721 1390 800 1453 pars
822 1390 933 1437 earum
962 1371 997 1436 in
1019 1371 1146 1438 bestias
1169 1390 1330 1438 conversa
1351 1376 1412 1438 est.

231 1474 395 1559 Quomodo
419 1494 437 1540 e
460 1478 549 1539 motu
571 1474 714 1540 borealis
737 1472 854 1539 sideris
877 1474 1096 1539 concluserint
1121 1478 1246 1556 septem
1268 1474 1303 1539 in
1334 1493 1414 1541 area

231 1577 410 1660 circumagi
432 1577 564 1660 triones,
588 1595 688 1658 supra
710 1596 740 1657 p.
763 1577 802 1641 71
825 1577 1042 1657 exposuimus.
1092 1576 1157 1642 Sed
1185 1581 1224 1642 ut
1245 1577 1412 1657 proximus

232 1685 284 1747 est
306 1700 435 1761 semper
452 1681 545 1747 homo
561 1680 690 1762 homini,
712 1679 763 1744 ita
776 1680 957 1760 proximum
973 1683 1045 1745 erat
1061 1679 1178 1745 stellas
1192 1698 1250 1761 pro
1272 1679 1412 1745 homini·

231 1785 293 1850 bus
323 1785 445 1849 habere
474 1783 507 1848 in
539 1783 629 1848 caelo
659 1781 923 1864 ambulantibus
960 1801 1040 1862 quos
1069 1782 1104 1848 iu
1136 1784 1327 1848 daemonum
1357 1783 1413 1850 vel

231 1886 399 1951 numinum
421 1886 491 1950 loco
513 1905 588 1951 mox
610 1886 753 1950 altitudo
776 1884 928 1950 caelestis
951 1884 1070 1952 evexit.

317 1989 368 2053 Re
390 1987 464 2068 ipsa
485 1988 610 2053 factum
632 1992 691 2070 est
713 1992 750 2052 ut
772 1988 835 2052 hac
857 1989 990 2053 eaedem
1013 1987 1181 2070 opiniones
1196 1992 1413 2054 nascerentur

232 2094 267 2155 et
296 2091 522 2156 adolescerent
551 2108 624 2154 cum
654 2091 743 2171 apud
770 2089 853 2156 alios
882 2090 1018 2172 populos
1048 2096 1117 2156 tum
1154 2092 1242 2173 apud
1268 2091 1412 2158 Graecos

231 2192 467 2273 Romanosque.
510 2193 623 2272 Neque
646 2197 756 2258 tamen
778 2193 996 2258 Romanorum
1018 2194 1413 2276 anthropomorphismum

231 2296 400 2362 stellarem
423 2315 539 2377 purum
561 2299 597 2361 et
617 2296 781 2377 integrum
805 2295 972 2378 habemus,
998 2297 1064 2377 sed,
1086 2301 1124 2361 ut
1146 2298 1239 2362 modo
1261 2297 1413 2379 diximus,

232 2398 393 2464 similibus
416 2399 613 2464 Graecorum
633 2397 809 2464 sententiis
831 2397 989 2464 infectum
1013 2403 1047 2463 et
1067 2399 1274 2480 permixtum.
1317 2398 1413 2483 Quod

232 2502 285 2567 vel
309 2520 326 2567 e
349 2501 623 2582 subsequentibus
646 2500 828 2583 apparebit.

318 2605 423 2686 Quam
445 2622 549 2684 parva
571 2603 646 2668 olim
668 2604 757 2669 inter
774 2602 920 2668 homines
943 2603 1124 2685 stellasque
1145 2604 1334 2670 differentia
1356 2623 1412 2670 ex·

231 2707 343 2772 titerit
365 2725 402 2772 eo
419 2708 670 2788 demonstratur,
694 2708 779 2786 quod
794 2705 942 2771 homines
957 2706 1145 2786 splendidos
1162 2726 1233 2773 cum
1248 2706 1412 2774 sideribus

232 2827 422 2889 comparare
453 2808 560 2873 solent
588 2811 726 2873 veteres.
779 2807 879 2873 Cuius
909 2807 958 2873 rei
988 2808 1119 2874 initium
1151 2810 1238 2891 apud
1268 2809 1413 2876 Graecos

232 2915 291 2991 est,
315 2929 449 2990 quorum
473 2905 490 2971 ὁ
513 2907 647 2993 ποιητὴς
666 2909 755 2990 dicit,
777 2909 872 2975 iliad.
894 2909 925 2974 V
947 2912 1038 2992 deq:

387 3009 488 3094 dorep’
511 3007 663 3095 ὀπωρινῷ
686 3006 868 3094 ἐναλίγκιον,
891 3010 928 3087 ὅς
948 3035 982 3075 τε
1002 3011 1141 3094 μάλιστα

386 3113 536 3199 λαμπρὸν
557 3117 767 3199 παμφαίνῃσι
789 3114 976 3195 λελούμενος
996 3117 1187 3200 Ὠκεανοῖο.1)

317 3218 389 3283 Hoc
411 3220 455 3283 ad
476 3223 593 3299 poetas
615 3217 778 3284 Romanos
802 3219 963 3285 transisse
984 3218 1102 3285 mirum
1116 3238 1181 3285 uon
1204 3225 1265 3303 est,
1287 3239 1317 3289 v.
1333 3219 1413 3286 Hor.

233 3321 337 3386 Oarm.
359 3321 413 3386 ΙΠ
435 3323 463 3403 9,
483 3322 540 3386 21:

385 3423 498 3489 Sidere
522 3423 688 3504 pulchrior
708 3423 802 3507 illei)

318 3526 391 3593 Val.
413 3526 524 3592 Flacc.
545 3526 576 3591 V
598 3527 662 3592 366
671 3545 753 3607 sqq:

888 3678 925 3695 ..
947 3632 1099 3708 astroque
1122 3631 1286 3694 comantes

387 3730 597 3812 Tyndaridas
619 3730 691 3810 ipsc
714 3728 848 3812 egregio
871 3730 1093 3811 supereminet
1115 3749 1180 3813 ore,

386 3851 451 3897 non
472 3850 565 3898 secus
588 3837 743 3898 autumno
766 3851 863 3913 quam
886 3851 959 3898 cum
981 3833 1085 3916 magis
1108 3837 1244 3915 asperat
1265 3833 1360 3917 ignes

387 3933 492 4000 Sirius
515 3938 549 4000 et
571 3953 671 4002 saevo
694 3953 765 4000 cum
789 3952 854 3999 nox
877 3936 1068 4000 accenditur
1090 3954 1170 4002 auro

386 4036 542 4103 luciferas
565 4036 685 4102 crinita
707 4037 806 4102 faces.

321 4173 340 4243 ¹)
359 4173 429 4229 Vide
446 4172 528 4228 etiam
547 4172 626 4227 Iliad.
644 4172 685 4227 VI
703 4172 762 4241 401,
780 4172 822 4227 XI
840 4172 887 4242 623
906 4172 1017 4228 Anthol.
1036 4173 1127 4228 Palat.
1145 4173 1201 4228 VH
1218 4173 1278 4242 669,
1301 4173 1361 4232 670.

319 4259 341 4326 ’)
359 4258 444 4324 Quem
462 4257 587 4314 imitatus
610 4262 653 4313 est
671 4257 837 4321 Claudianus
862 4258 895 4312 dc
920 4263 997 4326 nupt.
1015 4259 1084 4312 Hou.
1109 4259 1200 4328 1(x1‚
1221 4258 1260 4327 ll:
1280 4259 1412 4331 princeps

239 4359 351 4399 comaco
368 4343 457 4397 eidem
473 4342 622 4411 pulchrior.
