3278 4964
297 372 358 437 156
747 366 897 421 Guilelmus
916 363 1023 418 Gundel
1423 359 1482 447 [64

296 560 355 623 pro
378 542 461 607 bove
485 540 573 622 apud
595 538 719 604 nullum
742 537 843 602 alium
866 543 1031 602 auctorem
1053 534 1130 617 legi,
1152 553 1312 614 nusquam
1329 530 1412 597 alibi
1436 534 1480 598 de

296 650 421 725 septem
445 643 550 709 bubus
573 639 853 706 constellationem
877 638 968 703 illam
992 637 1212 703 efficientibus
1240 636 1313 701 dici.
1358 636 1481 716 Itaque

296 746 477 811 Varronem
501 747 560 810 hoc
582 743 775 810 vocabulum
798 740 1014 823 adinvenisse,
1045 758 1106 819 quo
1135 738 1267 804 facilins
1296 757 1353 804 suo
1383 739 1481 804 modo

296 867 364 913 rem
387 846 576 927 explicaret,
597 846 780 925 putandum
802 862 882 909 esse.
925 843 988 908 Sed
1012 842 1162 923 equidem
1185 841 1380 923 putaverim,
1404 858 1480 906 cum

297 952 403 1016 Varro
425 948 548 1013 diserte
571 965 609 1011 ac
632 947 730 1027 plane
754 945 895 1011 affirmet
925 947 1016 1008 etrum
1048 964 1133 1007 urrac
1160 943 1283 1008 triones
1314 942 1481 1024 appellari

300 1071 320 1116 a
339 1051 472 1116 rusticis
494 1051 603 1130 boves,
633 1048 755 1114 iniuria
776 1049 836 1114 hoe
859 1047 894 1113 in
923 1047 1055 1112 dubium
1078 1046 1191 1113 vocari
1214 1065 1234 1110 a
1257 1047 1300 1111 M.
1323 1047 1480 1113 Mueller:

297 1171 403 1232 neque
428 1152 512 1217 enim
535 1151 602 1216 suis
620 1151 764 1218 inventis
787 1151 957 1216 mendacia
979 1156 1090 1231 etpma
1111 1149 1229 1214 fulcire
1251 1167 1293 1214 ex
1308 1149 1396 1214 Aelii
1419 1155 1481 1214 aut

299 1254 458 1320 Varronis
482 1272 569 1319 more
593 1259 674 1335 erat,
706 1253 760 1332 qui
782 1255 845 1318 hac
871 1253 904 1317 in
934 1271 969 1317 re
1001 1253 1098 1317 etiam
1128 1251 1292 1316 incautius
1323 1251 1481 1335 egissent,

299 1376 371 1422 eum
400 1375 471 1422 suo
501 1360 690 1436 tempore
720 1355 836 1421 florere
865 1356 925 1420 hoc
954 1355 1148 1421 vocabulum
1179 1353 1333 1418 dicerent.
1385 1353 1482 1437 Quod

298 1459 327 1525 si
350 1459 467 1524 falsum
491 1464 571 1539 erat,
595 1457 693 1524 facile
718 1477 737 1522 a
760 1457 886 1522 criticis
910 1456 1030 1522 erroris
1051 1455 1338 1522 convincebantur.

386 1562 500 1641 Neque
522 1564 613 1626 recte
636 1560 783 1625 affirmat
805 1561 848 1625 M.
871 1559 1054 1624 Mueller
1076 1577 1250 1638 numquam
1273 1558 1379 1623 trione
1404 1576 1482 1624 usos

300 1683 369 1730 esse
391 1664 555 1729 Romanos
586 1665 627 1728 ad
657 1663 909 1745 significandum
932 1664 1056 1729 bouem.
1106 1662 1214 1726 Extat
1246 1661 1332 1726 enim
1362 1678 1482 1728 versus

299 1766 419 1832 Naevii
448 1773 564 1847 poetae
591 1765 667 1849 (frg.
699 1765 761 1831 inc.
791 1766 850 1846 IX,
880 1767 978 1846 Trag.
1000 1766 1090 1830 Rom.
1114 1763 1247 1845 fragm.³
1277 1783 1306 1845 p.
1330 1763 1382 1848 17)
1405 1782 1481 1844 pro-

299 1869 387 1933 latus
411 1869 453 1932 ab
477 1868 601 1932 Isidoro
625 1868 714 1949 Orig.
738 1868 807 1932 XII
830 1869 847 1930 1
871 1872 909 1932 ut
930 1867 1028 1931 bouem
1052 1868 1182 1930 Luttuos
1211 1868 1340 1930 trionem
1362 1884 1483 1930 occurre

301 1970 473 2051 probetur:

591 2070 735 2135 trionum
758 2071 811 2135 hic
829 2073 1014 2136 moderator
1036 2072 1188 2137 rusticus.

385 2174 564 2238 Praeterea
586 2172 710 2255 legitur
731 2172 767 2237 in
791 2173 929 2254 Corpore
956 2176 1052 2256 gloss.
1075 2175 1132 2239 lat.
1154 2174 1217 2241 vol.
1239 2174 1274 2238 II
1297 2195 1327 2256 p.
1350 2175 1423 2257 201,
1439 2176 1480 2241 51

301 2277 415 2339 triones
436 2273 519 2356 βόες.
541 2272 691 2359 ἀρχαίως.
735 2275 862 2357 Quibus
884 2276 1080 2341 testimoniis
1103 2277 1188 2341 satis
1210 2277 1384 2357 probatum
1408 2295 1482 2343 esse

301 2383 380 2460 puto
396 2380 577 2445 Varronem
600 2397 665 2444 non
684 2377 817 2444 finxisse
840 2380 1034 2445 vocabulum
1053 2380 1121 2462 trio,
1144 2380 1203 2444 sed
1225 2397 1338 2445 veram
1355 2384 1482 2461 septem

300 2481 443 2547 trionum
460 2480 637 2562 protulisse
655 2482 894 2563 etymologiam.
940 2482 999 2547 Oui
1021 2482 1121 2547 etiam
1144 2482 1331 2547 Martianus
1347 2482 1483 2563 Capella

299 2584 432 2666 plausit,
458 2603 530 2649 cum
553 2584 637 2650 VIII
661 2585 723 2649 808
746 2603 777 2650 v.
799 2586 819 2650 b
842 2586 967 2650 Booten
989 2585 1175 2666 appellaret
1192 2589 1347 2664 pastorem
1368 2589 1482 2666 septem

300 2687 475 2769 trionum)
520 2686 631 2765 Neque
655 2690 764 2751 tamen
787 2687 846 2751 has
870 2692 996 2768 septem
1017 2687 1141 2752 triones
1164 2705 1236 2752 cum
1252 2688 1400 2753 Varrone
1421 2707 1482 2769 pro

303 2786 476 2852 arantibus
500 2791 653 2851 autenm
677 2788 843 2852 Martiano
873 2808 930 2870 pro
953 2790 1165 2870 pascentibus
1189 2789 1356 2872 accipian,
1384 2789 1482 2856 immo

302 2888 455 2953 inclinem
478 2888 513 2952 in
536 2889 670 2953 tertiam
695 2892 857 2968 quandam
881 2892 1087 2974 sententiam,
1117 2911 1214 2973 quam
1246 2893 1293 2958 sic
1323 2893 1429 2959 edixit
1451 2913 1483 2962 v.

304 2992 333 3055 d.
356 2989 534 3054 Nitzsch
557 2988 591 3054 in
615 2992 882 3058 adnotationibus
916 2996 958 3058 ad
981 2995 1116 3060 Homeri
1139 2995 1253 3078 Odyss.
1275 2995 1353 3061 libri
1376 2995 1483 3077 quinti

304 3111 434 3159 versum
453 3093 515 3156 272
540 3088 617 3176 (ὀψὲ
640 3089 753 3155 δύοντα
776 3094 932 3180 Βοώτην);
963 3095 1024 3158 Dr'e
1049 3097 1217 3161 rdrrrr‘scbeu
1236 3097 1407 3162 Loudleute

304 3194 452 3277 oerptedeu,
475 3195 542 3257 cred
563 3193 622 3258 dus
645 3195 871 3277 Bdreuqestr‘rrc
892 3197 956 3261 sc’cb
977 3200 1088 3263 tormer
1106 3201 1150 3263 r'rrr
1172 3201 1283 3264 Kretse
1305 3200 1402 3282 edredi,
1424 3201 1487 3281 auf

304 3297 353 3361 dr'e
381 3298 575 3378 Vorstellrucq
594 3299 678 3361 einer
694 3300 807 3378 Tutore,
831 3302 893 3382 auf
911 3303 1036 3366 urelcder
1057 3302 1123 3367 siclt
1143 3303 1242 3367 saedere
1257 3303 1484 3368 Drescltocbsert

304 3406 415 3482 septem
438 3402 552 3464 trr'ortes
573 3401 683 3464 trutber
711 3403 858 3486 deroepterr
887 3404 1137 3487 (unxerat).
1188 3405 1281 3488 Quod
1311 3406 1338 3472 si
1369 3425 1484 3473 verum

305 3509 365 3585 est,
388 3503 452 3569 trio
475 3523 539 3569 uon
563 3522 583 3568 a
606 3511 698 3570 terra
722 3508 909 3590 deducatur,
932 3508 968 3573 id
995 3511 1079 3588 quod
1102 3507 1208 3574 voluit
1230 3511 1344 3590 Varro,
1375 3511 1433 3574 sed
1464 3529 1485 3574 a

305 3608 451 3688 terendo,
475 3609 561 3687 quod
579 3609 680 3673 boves
702 3607 901 3674 frumentum
923 3609 1062 3690 pedibus
1089 3615 1270 3677 conterunt.
1315 3611 1376 3677 Cui
1398 3611 1486 3678 veri-

305 3743 424 3811 perimus
442 3743 589 3797 Varronem
609 3759 669 3797 eam
688 3744 811 3798 hausisse
830 3761 863 3798 ex
881 3745 952 3798 Aelii
970 3745 1081 3800 Stilonis
1099 3746 1227 3814 magistri
1245 3747 1405 3815 sententiis3
1424 3762 1486 3802 cum

306 3827 409 3882 Stilone
427 3833 456 3882 et
473 3828 595 3883 Varrone
614 3829 719 3883 iaciunt
737 3829 835 3884 Festus
853 3846 879 3898 p.
898 3831 948 3884 339
957 3831 993 3884 M.
1012 3836 1041 3885 et
1058 3832 1160 3886 Probus
1178 3833 1261 3902 Verg.
1280 3833 1377 3902 Georg.
1394 3833 1409 3886 I
1426 3833 1485 3902 227,

307 3914 354 3980 qui
383 3913 450 3968 dicit
473 3919 577 3981 septem
601 3913 703 3968 triones
728 3916 877 3983 appellatos
901 3931 967 3985 esse,
992 3918 1063 3984 quod
1087 3918 1125 3972 sit
1147 3918 1301 3986 plaustrum
1326 3925 1445 3973 tractum
1470 3935 1487 3973 a

306 3997 394 4052 bubus
412 3999 521 4053 iunctis.

397 4084 415 4150 ¹)
433 4084 571 4139 Audacius
596 4085 711 4140 fortasse
730 4085 825 4140 dicunt
842 4086 874 4141 d.
894 4087 1041 4142 Corssen
1058 4089 1075 4142 l.
1095 4089 1112 4143 l.
1131 4105 1156 4156 p.
1174 4088 1225 4141 512
1244 4095 1272 4144 et
1290 4089 1413 4144 Thielc
1431 4089 1450 4144 l.
1468 4090 1487 4144 l.

308 4183 333 4235 p.
352 4167 369 4219 3
393 4173 421 4222 et
439 4169 555 4224 Graecos
574 4172 708 4238 quondam
725 4172 754 4226 in
772 4173 821 4226 hoc
839 4173 927 4228 sidere
945 4180 1047 4242 septem
1063 4175 1143 4228 boves
1156 4175 1334 4244 conspexisse,
1353 4175 1424 4243 quod
1442 4175 1488 4229 de·
1561 4176 1568 4183 '

309 4254 454 4306 monstrari
472 4255 564 4310 Bootis
582 4257 689 4311 nomine
707 4263 814 4325 putant.
851 4259 902 4314 Sed
920 4259 943 4313 is
961 4265 1054 4327 pastor
1072 4260 1157 4314 alium
1175 4276 1289 4330 gregem
1307 4259 1488 4316 custodivisse

308 4337 426 4407 videtur,
445 4355 568 4408 usupra
585 4358 610 4409 p.
626 4342 667 4396 55.
