3292 4958
173 367 250 457 131]
401 370 442 424 De
460 369 602 424 stellarum
620 367 803 437 appellatione
820 374 849 423 et
866 367 998 436 religione
1015 366 1137 423 Romane
1290 367 1354 436 223

329 545 567 622 cognatumque
587 557 727 620 sequens
750 556 869 620 corpus
891 556 927 604 se
941 538 1073 621 quaerit
1094 538 1129 604 in
1151 537 1262 605 astris.

260 644 429 708 Incertum
450 646 509 723 est,
531 660 574 707 en
590 659 631 707 ex
650 640 780 708 Graeca
801 659 845 707 an
867 639 1048 707 eRomane
1070 639 1222 722 opinione
1243 659 1355 708 mana·

174 745 302 827 verint,
339 764 424 826 quae
457 746 499 811 de
531 743 703 810 Hadriano
738 742 876 809 Antinoi
909 742 1034 811 obitum
1067 742 1208 811 deflente
1240 748 1355 810 namet

174 847 238 913 Dio
256 847 388 914 Cassius
402 846 518 912 LXIX
534 847 589 912 ll:
612 845 668 909 καὶ
688 844 780 921 τέλος
802 843 920 929 ἀστέρα
940 843 1011 909 τινὰ
1033 843 1128 923 οὗτός
1148 867 1183 909 τε
1204 842 1288 932 ὁρῶν
1310 844 1357 923 ὡς

174 959 231 1014 τοῦ
248 947 396 1014 Ἀντινόου
426 945 501 1012 ὄντα
523 945 611 1031 ἔλεγε
640 947 694 1011 καὶ
719 958 783 1012 τῶν
805 947 958 1012 συνόντων
982 945 1067 1031 αὐτῷ
1090 946 1357 1031 μυθολογούντων

174 1049 276 1134 ἡδέως
303 1050 445 1136 ἤκουσεν,
474 1049 511 1114 ἔκ
538 1072 573 1114 τε
593 1058 648 1136 τῆς
669 1058 775 1135 ψυχῆς
796 1061 853 1114 τοῦ
869 1049 1024 1115 Αντινόου
1047 1049 1144 1128 ὄντως
1163 1049 1217 1114 τὸν
1239 1049 1356 1136 ἀστέρα

174 1156 367 1240 γεγενῆσθαι
388 1152 444 1217 καὶ
465 1152 536 1217 τότε
565 1163 695 1234 πρῶτον
725 1152 970 1239 ἀναπεφηνένοι.
1020 1152 1150 1221 Deinde
1178 1153 1358 1221 Antinoum

175 1258 264 1324 inter
287 1259 364 1324 deos
386 1257 528 1322 relatum
548 1275 620 1322 esse
644 1257 686 1321 ab
709 1255 908 1338 imperatore
930 1256 1014 1324 setis
1036 1257 1203 1341 constat1)

262 1360 327 1427 Sed
349 1360 413 1424 hac
434 1359 507 1441 ipse
528 1357 666 1425 Antinoi
697 1360 942 1426 consecratione
972 1362 1015 1426 ed
1037 1364 1163 1426 certam
1193 1363 1357 1442 quendam

174 1463 360 1546 opinionem
371 1463 629 1544 cognoscendam
641 1461 839 1528 deducimur.
854 1462 968 1543 Neque
979 1461 1065 1528 enim
1077 1462 1225 1530 omnibns
1237 1468 1357 1530 mortu-

176 1564 263 1632 libus
275 1563 398 1648 evenit,
409 1569 448 1630 ut
458 1569 533 1646 post
544 1564 670 1631 obitum
681 1564 954 1648 astriticorentur,
965 1566 1025 1632 sed
1035 1565 1149 1647 paucis
1161 1565 1358 1648 quibusdam

175 1674 213 1734 et
235 1667 358 1734 electis
402 1667 512 1747 Atque
541 1666 602 1732 hoo
632 1685 759 1747 quoque
792 1667 973 1735 aGreecis
1001 1668 1160 1735 tralatum
1189 1674 1250 1736 est.
1293 1669 1357 1736 Im·

104 1821 107 1825 «
175 1768 362 1837 mortalitas
392 1769 479 1836 enim
508 1769 575 1835 iam
600 1771 643 1835 ab
667 1770 807 1835 Homero
837 1770 973 1854 regibus
999 1775 1130 1837 tentum
1160 1770 1358 1855 conceditur,

174 1874 310 1939 deorum
332 1871 410 1937 filiis
440 1875 475 1937 ot
497 1870 663 1956 dilectisl)
715 1872 786 1939 Hoc
815 1892 836 1938 a
865 1871 1102 1954 posterioribus
1127 1878 1294 1941 retentum
1323 1879 1359 1941 et

174 1979 310 2042 auctum
350 1979 418 2058 est,
455 1992 590 2055 quorum
628 1974 726 2039 Plato
765 1975 893 2041 caelum
929 1975 1167 2061 sapientium)
1209 1976 1358 2044 civitatis

176 2082 341 2144 rectorum
370 2095 442 2143 esse
472 2075 594 2159 edixit,
624 2081 684 2142 aut
704 2081 742 2142 ut
765 2077 877 2145 verbis
906 2083 984 2144 utar
1006 2078 1172 2146 Ciceronis
1194 2078 1360 2147 Platonici

174 2181 217 2246 de
239 2199 306 2262 rep.
328 2179 378 2246 VI
401 2180 456 2245 13:
486 2179 630 2243 omnibus
660 2181 715 2264 qut
741 2182 883 2263 petreium
911 2183 1153 2246 conservaverint
1181 2181 1360 2247 adiecerint

177 2283 323 2348 auxerint
345 2289 461 2346 certum
482 2301 546 2346 csse
566 2283 601 2345 in
623 2282 704 2346 caclo
725 2302 762 2346 oe
783 2281 945 2364 definitum
967 2283 1076 2367 ἰοουνο,
1105 2283 1159 2348 obi
1187 2284 1267 2348 boati
1287 2303 1359 2350 occo

174 2386 357 2468 sempiterno
384 2383 577 2469 sruomcrf)
632 2385 743 2464 Atque
768 2385 865 2451 Plato
896 2403 966 2450 rom
994 2403 1194 2466 persequens
1221 2404 1259 2452 eo
1284 2405 1359 2468 pro

176 2485 330 2568 greditur
351 2489 391 2552 ut
406 2488 586 2552 contendet
601 2483 654 2551 his
669 2485 750 2566 ipsis
767 2486 909 2553 animum
925 2487 1038 2552 datum
1053 2505 1125 2553 esse
1140 2505 1180 2554 ex
1195 2486 1359 2555 sideribus

178 2588 199 2655 i.
222 2608 249 2656 e.
270 2593 309 2655 ut
338 2589 526 2656 Macrobius
555 2590 694 2655 adnotat
718 2587 861 2654 animum
892 2606 1003 2654 eorum
1032 2591 1169 2656 eundem
1201 2608 1273 2656 esse
1301 2589 1359 2671 qui

175 2691 331 2776 siderum,
352 2710 384 2759 v.
398 2691 505 2757 Somn.
525 2690 610 2772 Soip.
624 2690 642 2755 I
657 2709 727 2772 cap.
742 2691 830 2757 Xffl
844 2696 879 2757 et
894 2691 987 2757 XIX.
1030 2690 1143 2772 Neque
1165 2689 1357 2759 reformida·

179 2799 300 2862 verunt
321 2797 439 2876 poetae
461 2792 628 2876 Augustei
650 2795 693 2859 ab
721 2796 833 2860 eadem
855 2794 1070 2878 cogitatione:
1099 2794 1195 2862 immo
1225 2797 1358 2862 adama·

176 2902 300 2965 verunt
321 2916 394 2965 eam
408 2895 615 2978 poematibus
633 2896 787 2962 inserere.
831 2897 886 2964 Sic
909 2897 991 2965 dicit
1004 2897 1161 2966 Manilius
1180 2899 1198 2964 I
1220 2899 1283 2965 tes
1290 2917 1360 2981 sqq.

180 3000 355 3067 Caesarem
377 3003 412 3065 et
435 2999 622 3083 Augustum
643 2998 840 3082 respiciens:

603 3100 810 3184 Venerisque
831 3104 874 3169 ab
897 3102 1024 3187 origine
1046 3104 1154 3185 proles

264 3237 284 3304 ¹)
303 3236 473 3292 Testimouis
485 3243 614 3307 congestu
626 3236 750 3292 invenies
759 3253 780 3292 s.
791 3254 817 3292 v.
826 3237 963 3294 Antinous
975 3239 1047 3306 apud
1054 3238 1181 3293 Poulium
1187 3238 1359 3295 wissowam.

264 3322 286 3391 ¹)
304 3322 338 3378 V.
356 3322 389 3376 n.
407 3322 524 3376 Rohde
542 3322 647 3390 Psyche
664 3321 754 3378 initio.

266 3405 287 3476 ⁸)
305 3406 446 3463 Uberrime
464 3408 497 3462 de
514 3408 565 3462 hac
580 3407 744 3462 Graecorum
763 3408 886 3464 doctrina
903 3407 1027 3476 disputat
1043 3407 1225 3464 uuerden
1243 3407 1272 3464 in
1289 3424 1359 3464 com·

177 3491 311 3548 mentario
329 3494 365 3547 sd
381 3492 466 3562 Verg.
483 3492 549 3547 Aen.
567 3492 668 3548 librum
686 3493 727 3548 VI
743 3510 807 3563 pag.
828 3493 868 3548 18.
900 3493 971 3548 Huic
988 3492 1112 3549 Platonis
1135 3492 1296 3564 disciplinae
1318 3509 1360 3549 ra·

179 3577 312 3645 spondent
329 3583 485 3632 exterarum
502 3577 666 3647 religionum
685 3580 711 3629 ot
727 3582 833 3644 μύσται.
868 3579 985 3633 Mithrae
1003 3577 1152 3649 discipulus
1169 3579 1234 3633 dum
1251 3577 1360 3633 immor·

178 3662 244 3717 tulis
263 3661 296 3718 ut
312 3663 408 3718 stelles
425 3663 548 3718 invocet:
573 3664 626 3732 ἐγώ
645 3664 700 3729 abc
719 3661 870 3730 ούμπλανοτ
886 3667 950 3730 ὑμῖν
973 3666 1056 3734 ἀστὴρ
1079 3667 1125 3715 καλ
1141 3664 1171 3715 ἐκ
1188 3663 1360 3729 scripturiens

175 3744 354 3818 ἀναλάμπον,
373 3764 399 3803 v.
418 3749 451 3803 Δ.
470 3748 654 3804 Dieterich
673 3748 746 3804 Eine
763 3749 1002 3820 Mithrasliturqic
1024 3766 1088 3820 pag.
1105 3749 1148 3805 65.
1182 3749 1287 3805 Ibidem
1303 3747 1360 3804 ianr

176 3837 286 3887 veteres
304 3831 401 3887 Graeci
419 3839 571 3901 mystarum
588 3833 696 3889 animas
713 3835 921 3906 collocaverant,
942 3852 968 3891 r.
986 3836 1020 3890 R.
1036 3835 1173 3891 Heinre
1190 3835 1360 3890 Xanolrrates

178 3932 243 3987 pag.
261 3917 321 3986 123,
338 3917 500 3973 Weicker
518 3918 686 3989 Scclcoooqcl
703 3936 766 3990 pag.
784 3920 826 3977 bl.

181 4020 182 4027 ¹
266 4003 288 4072 ⁴)
305 4003 369 4072 Ipsa
382 4009 474 4059 sutem
486 4003 576 4059 sidero
588 4005 679 4060 eodem
689 4021 771 4061 sensu
779 4005 892 4062 virtutis
901 4007 972 4061 dona
982 4006 1009 4060 h.
1019 4020 1042 4061 a.
1051 4005 1170 4062 virorum
1182 4003 1360 4061 eminentium

172 4087 286 4144 animos
303 4093 366 4157 post
383 4095 496 4144 mortem
515 4089 548 4144 ob
565 4089 698 4145 virtutem
716 4095 838 4146 montes
856 4091 927 4147 dixit
944 4091 1048 4146 Statius
1064 4091 1148 4146 Theb.
1167 4091 1193 4145 X
1210 4090 1260 4145 637
1269 4110 1275 4146 :

796 4177 864 4232 dant
881 4177 954 4232 clare
971 4176 1075 4232 maenti

385 4265 462 4315 astra
478 4260 573 4329 locum,
592 4275 714 4328 quosque
731 4260 792 4329 ipss
809 4262 899 4317 virtus
915 4261 1043 4317 affixerat
1059 4261 1147 4332 ignes.

172 4342 223 4399 ,De
239 4342 367 4398 Herculis
384 4345 448 4400 sede
466 4344 540 4401 inter
556 4344 651 4400 stelles
669 4345 775 4401 virtute
792 4351 874 4416 perta
890 4347 953 4402 vide
970 4346 1043 4403 inira
1060 4363 1124 4418 ρος.
1142 4347 1202 4404 137.

1156 4435 1205 4490 ld*
