3292 4958
235 408 289 489 83]
456 407 497 460 De
515 405 655 460 stellarum
673 403 855 473 appellatione
873 409 902 459 et
919 403 1052 474 religione
1069 404 1192 458 Romana
1350 406 1413 471 175

235 578 331 643 finem
360 576 471 642 iacere
502 575 616 656 coepit.
675 575 765 656 Opus
794 579 869 641 erat
898 580 1035 642 strenua
1063 575 1312 659 impugnatione
1340 595 1412 642 cum

234 680 378 762 ipsorum
401 678 584 744 doctrinam
605 677 777 758 inquinare
807 678 995 744 6661661166
1024 697 1177 761 paganae
1207 684 1413 745 conarentur.

234 781 384 847 Vidimus
407 800 507 863 supra
529 780 564 844 in
585 781 666 861 Pap.
690 778 765 845 Par.
793 780 875 845 1301
888 799 955 861 sqq.
986 799 1081 846 ursae
1103 799 1240 863 regnum
1270 782 1412 847 caeleste

234 883 339 950 tribui
361 903 382 949 a
404 883 665 949 Christianorum
688 884 748 948 deo
775 881 897 967 (κύριος
918 880 936 945 ὁ
958 882 1055 966 θεός).

319 988 437 1067 Itaque
459 985 605 1051 Isidorus
628 986 669 1049 de
694 990 763 1050 nat.
792 1003 855 1049 rer.
877 985 994 1050 XXVI
1015 988 1036 1050 4
1066 986 1251 1067 plaustrum
1281 990 1411 1050 tantum

233 1088 383 1172 agnoscit
405 1090 504 1168 idque
533 1088 713 1170 symbolum
738 1087 904 1152 ecclesiae·
917 1105 988 1152 esse
999 1087 1024 1171 ¹)
1047 1089 1129 1170 vult,
1159 1087 1251 1153 cuius
1278 1093 1347 1153 tres
1378 1093 1413 1153 et

234 1196 392 1272 quattuor
431 1191 550 1256 stellae
589 1191 809 1270 respondeant
848 1189 925 1255 fidei
958 1189 1122 1255 trinitatis
1156 1195 1191 1254 et
1227 1190 1412 1271 operationi

234 1299 389 1375 quattuor
421 1293 591 1359 virtutum.
641 1293 688 1356 Et
716 1297 755 1356 ut
783 1291 913 1357 fabulas
944 1295 984 1357 de
1008 1290 1187 1358 Callistone
1217 1298 1252 1358 et
1280 1293 1412 1358 Arcade

233 1402 389 1462 narratas
409 1397 566 1478 delerent,
588 1399 646 1459 aut
661 1413 770 1460 ursam
790 1394 948 1460 dixerunt
962 1398 1021 1461 sed
1038 1398 1174 1461 eandem
1196 1400 1296 1475 atque
1311 1396 1412 1479 illam,

234 1518 317 1579 quae
332 1499 431 1564 XLII
445 1516 562 1580 pueros
576 1498 702 1563 Elisam
718 1498 896 1563 illudentes
919 1497 1130 1565 devoraverit
1153 1499 1200 1582 (ΙΙ
1214 1498 1293 1580 Reg.
1307 1499 1335 1580 2,
1348 1497 1411 1581 24),

233 1606 292 1667 aut
321 1620 459 1683 currum,
489 1602 545 1666 sed
568 1600 700 1682 igneum
730 1600 830 1683 illum,
860 1600 917 1680 qui
942 1599 1050 1665 Eliam
1080 1601 1115 1666 in
1146 1601 1273 1666 caelum
1303 1607 1411 1665 sustu-

232 1703 311 1768 lerit
333 1703 381 1786 (H
402 1704 483 1785 Reg.
506 1704 541 1785 2,
576 1705 643 1787 11),
673 1723 703 1770 v.
736 1703 962 1768 Bartschii
992 1702 1272 1784 planisphaerium
1305 1724 1336 1784 p.
1359 1705 1410 1797 81,

233 1804 490 1871 Schickardi
509 1805 744 1886 astroscopium
759 1825 788 1886 p.
805 1805 875 1871 100.
912 1804 1030 1868 Novem
1046 1804 1138 1868 Petri
1153 1805 1286 1871 dixerat
1301 1824 1411 1871 ursam

232 1908 255 1973 J
263 1908 313 1972 ul.
344 1907 532 1972 Schiller
562 1905 689 1970 Caelum
717 1909 870 1971 stellatam
898 1906 1120 1990 christianum,
1153 1927 1184 1975 v.
1215 1908 1252 1973 F.
1282 1908 1411 1989 Piper

232 2011 419 2092 Mptlozople
440 2009 495 2072 der
517 2010 631 2074 atrioli.
654 2010 760 2073 Kaeso
781 2010 798 2074 Ι
821 2012 840 2075 2
863 2030 893 2090 p.
916 2010 988 2075 307.
1032 2011 1145 2090 Neque
1168 2010 1335 2091 discrepat
1368 2012 1409 2076 ab

231 2112 283 2179 his
307 2112 558 2178 christianorum
581 2111 894 2195 interpretamentis,
918 2114 1002 2193 quod
1019 2113 1217 2178 Graecorum
1240 2113 1296 2194 qui
1314 2115 1410 2179 hodie

232 2221 310 2281 sunt
340 2220 390 2281 661
419 2215 657 2298 cognominatio
690 2214 857 2294 popularis
885 2211 984 2294 ἁμάξι
1017 2225 1074 2277 τοῦ
1103 2213 1222 2297 Aeolo,
1251 2216 1409 2281 Italorum

231 2338 321 2381 carro
349 2317 384 2380 di
413 2316 542 2399 Doride,
572 2315 860 2397 Francogallorum
892 2315 1017 2379 Glorior
1044 2316 1081 2379 de
1103 2316 1211 2380 David
1218 2343 1224 2382 :
1254 2336 1284 2384 v.
1310 2318 1349 2382 N.
1372 2319 1410 2382 G.

232 2419 395 2485 Politis
424 2417 563 2480 Μέλεται
587 2416 664 2501 περὶ
683 2427 739 2478 τοῦ
761 2418 835 2499 βίου
857 2416 912 2479 καὶ
934 2427 986 2502 τῆς
1006 2416 1150 2502 γλώσσης
1171 2429 1227 2482 τοῦ
1249 2414 1411 2503 ἑλληνικοῦ

232 2519 310 2584 λάου
333 2521 368 2585 Il
390 2540 420 2601 p.
443 2520 515 2585 815.

318 2622 381 2688 Sed
405 2622 477 2688 sive
499 2640 609 2686 ursam
632 2621 703 2687 sive
726 2640 855 2687 currum
878 2622 931 2689 uel
954 2641 1084 2687 carrum
1107 2621 1263 2687 dixerunt
1278 2623 1410 2706 posteri,

231 2744 295 2790 non
324 2725 461 2791 multum
498 2743 538 2790 ex
568 2722 774 2806 opinionibus
803 2723 887 2807 11116,
920 2743 1001 2804 quas
1037 2729 1167 2792 veteres
1206 2727 1247 2791 de
1284 2730 1410 2806 septem

232 2829 392 2894 trionibus
430 2828 632 2910 habuerant,
668 2825 887 2891 retinuerunt.
944 2827 1121 2908 Postquam
1159 2827 1244 2894 enim
1273 2846 1409 2910 magnes

230 2930 317 3012 lapis
340 2936 375 2996 et
391 2931 635 2996 chronometrae
650 2929 788 2996 inventa
810 2934 896 3012 sunt,
919 2949 1025 3010 neque
1043 2933 1086 2996 ad
1102 2931 1292 3013 dirigendas
1308 2949 1411 2998 naues

233 3051 339 3112 neque
361 3034 402 3097 ad
418 3033 601 3098 metiendas
619 3031 755 3114 vigilias
770 3030 985 3113 adhibentur3
1008 3033 1105 3098 hodie
1123 3039 1253 3098 tantum
1276 3037 1412 3114 propter

231 3135 434 3214 splendorem
457 3133 618 3216 eximium,
641 3135 669 3199 si
692 3133 829 3216 omnino,
852 3153 873 3199 a
896 3136 994 3216 vulgo
1016 3140 1205 3201 noscuntur.

717 3357 921 3366 *ιο-η*-

640 3608 716 3714 §a
758 3620 820 3689 ne
845 3618 998 3701 ruanis

560 3782 580 3849 Ι.
616 3782 660 3851 na
683 3783 862 3868 iugulatum
887 3782 1079 3852 nominibus.

315 3916 490 4000 lugula,
515 3937 579 3980 -ac
601 3918 854 4002 6611696166,
877 3917 1118 3984 -arumfemz
1141 3917 1408 4001 proficiscendum

232 4020 324 4085 nobis
354 4023 405 4084 est
434 4037 452 4084 e
479 4020 637 4086 Varronis
666 4021 736 4086 loco
766 4023 807 4087 de
836 4022 856 4087 l.
886 4022 906 4086 l.
938 4022 1002 4088 VII
1028 4023 1085 4089 50:
1115 4021 1213 4102 Apud
1241 4021 1409 4085 Plautum:

230 4141 352 4205 neque
374 4122 522 4204 169616
545 4142 673 4206 neque
693 4143 914 4204 vesperugo
936 4144 1058 4208 aeque
1080 4125 1281 4206 vergiliae
1307 4126 1407 4187 occi·

318 4291 338 4358 ¹)
351 4289 480 4357 Sequitur
488 4290 609 4345 Isidorus
618 4291 783 4347 Eucherium
792 4298 821 4347 et
829 4292 1000 4362 (drogonum,
1012 4292 1060 4360 qui
1069 4292 1156 4347 insius
1165 4293 1235 4348 hano
1244 4292 1408 4348 sententiam

229 4376 412 4432 excoluerant.
448 4393 473 4431 v.
492 4377 522 4431 F.
541 4377 646 4446 Piper
663 4377 680 4433 l.
699 4378 717 4432 l.
735 4378 757 4447 Ι,
776 4378 792 4430 2
810 4394 836 4446 p.
854 4377 914 4432 299.

1203 4464 1252 4517 12*
