3292 4958
232 364 296 431 208
679 359 831 415 Guilelmus
848 358 956 413 Gundel
1333 352 1412 442 [116

231 553 333 616 supra
348 551 423 616 pag.
439 533 480 598 78
488 551 549 612 sq.;
564 530 630 596 iam
645 531 767 596 addere
778 529 873 595 iurat
884 532 1163 594 monumentorum
1178 524 1413 606 testimonium,

231 637 266 702 in
289 636 406 718 quibus
429 634 561 715 saepius
583 634 753 715 finguntur
774 631 892 697 stellae
921 648 1094 712 puerorum
1123 627 1233 710 specie
1261 628 1296 694 in
1319 646 1413 695 mare

231 738 399 804 ruentium
428 737 478 822 (F.
515 735 713 801 Welcker
740 733 856 797 Antike
884 732 1079 796 Denlmr’r'lcr
1109 731 1172 799 vol.
1200 731 1254 796 III
1283 731 1352 797 tab.
1382 731 1412 811 9,

232 840 509 907 Baumeister
537 836 729 901 Dealmdler
757 836 774 901 I
805 836 877 901 640.
912 834 1024 919 711).1)
1082 834 1194 914 Atque
1227 835 1309 899 haec
1338 832 1413 914 ipsa

232 960 405 1025 puerorum
425 940 550 1021 species
572 940 746 1005 advectam
761 937 943 1019 opinionem
966 955 1039 1002 esse
1057 939 1275 1002 demonstrat:
1298 953 1412 1001 sexum

232 1044 317 1110 enim
339 1045 464 1108 habent
486 1043 685 1108 Graecorum
707 1051 763 1102 coa
785 1038 926 1122 ἀστέρος,
956 1058 1020 1104 non
1042 1040 1262 1105 Romanorum
1285 1037 1427 1104 stellae.

233 1146 356 1228 Quodsi
378 1144 517 1210 Romani
540 1143 710 1209 stellarum
725 1143 886 1224 imagines
900 1142 1062 1223 sculpturi
1084 1140 1226 1207 fuissent
1247 1139 1315 1206 illis
1329 1143 1412 1206 tem·

233 1247 376 1330 poribus,
399 1265 461 1328 quo
485 1246 685 1312 Graecorum
710 1245 885 1311 sententiis
908 1247 1048 1310 nondum
1078 1249 1176 1310 erant
1204 1242 1332 1325 imbuti,
1353 1261 1414 1324 pu·

236 1349 355 1434 ellas²)
377 1349 519 1415 fortasse
540 1348 664 1414 facturi
686 1347 834 1430 fuissent,
857 1365 920 1412 non
950 1365 1076 1428 pueros
1120 1347 1185 1412 Sed
1207 1350 1241 1411 et
1271 1346 1412 1410 alteram

233 1452 433 1520 sententiam
466 1453 530 1517 huc
560 1453 737 1517 adnectere
769 1450 878 1516 liceat.
926 1449 1018 1532 Quae
1046 1450 1180 1516 lavacro
1210 1452 1414 1530 recreantur,

233 1560 465 1635 renascuntur;
495 1573 580 1634 quae
609 1555 703 1619 modo
733 1559 813 1619 nata
835 1556 921 1635 sunt,
950 1571 1057 1633 parva
1079 1551 1244 1618 videntur.
1294 1551 1414 1632 Itaque

234 1659 350 1724 stellas
380 1657 532 1722 humanis
562 1656 665 1721 oculis
696 1657 777 1721 adeo
806 1655 909 1721 exiles
935 1655 1025 1722 visas
1056 1652 1270 1720 deminutivis
1301 1650 1414 1720 formis

234 1759 448 1841 appellabant
477 1760 517 1823 de
548 1756 698 1823 canicula
725 1757 835 1840 locuti,
865 1759 905 1822 de
927 1756 1060 1839 iugulis,
1089 1755 1250 1838 vergiliis,
1282 1753 1414 1837 suculis

234 1868 347 1927 etnon
364 1863 509 1940 decane,
525 1861 622 1943 iugis,
644 1859 759 1940 virgis,
782 1860 904 1941 suibus,
927 1859 1085 1939 parvulas
1100 1858 1188 1924 feras
1207 1857 1301 1924 velut
1323 1857 1414 1922 cani·

234 1963 356 2043 culam,
384 1962 529 2027 suculam
561 1981 617 2026 eas
647 1961 879 2042 intellegentes
910 1960 965 2027 vel
991 1961 1130 2043 figuram
1159 1979 1270 2026 rerum
1291 1964 1414 2025 terres·

235 2063 334 2129 trium
358 2063 569 2145 deminutam,
589 2063 682 2128 velut
711 2063 896 2145 iugularum
920 2063 1201 2145 etvergiliarnm.

319 2167 393 2249 Age
429 2165 494 2231 iam
534 2165 708 2230 afferamus
745 2165 936 2230 testimonia
964 2166 1121 2231 nonnulla
1149 2169 1321 2246 poetarum
1350 2163 1415 2229 Ro·

234 2287 402 2335 manorum
417 2270 457 2334 dc
472 2268 578 2333 stellis
593 2267 822 2349 lavantibus.³)
852 2267 988 2334 Nomino
1007 2268 1162 2333 Senecam
1181 2267 1333 2352 (Phaedr.
1351 2266 1414 2332 750

234 2373 365 2435 nuntios
387 2373 483 2435 noctis
505 2371 593 2434 modo
608 2371 689 2435 lotos
710 2360 804 2434 tricolis
818 2369 983 2454 Heperus),
1006 2370 1149 2436 Statium
1171 2369 1302 2453 (Achill.
1317 2370 1335 2435 I
1351 2370 1414 2436 139

235 2479 313 2554 tepet
334 2473 532 2539 illabentibus
559 2475 653 2537 ostris
674 2473 820 2558 Pontos),
853 2473 1016 2539 Rutilium
1044 2472 1275 2538 Namatianum
1298 2472 1328 2555 (I
1342 2472 1414 2553 644,

236 2578 330 2643 PLM
352 2578 382 2643 V
404 2596 478 2658 pag.
501 2577 542 2642 27
565 2595 694 2639 corusco
715 2578 784 2640 scis
809 2576 914 2640 sidero
934 2577 1035 2659 poscit
1055 2576 1166 2659 aquis),
1189 2575 1415 2656 Claudianum,

236 2679 293 2759 qui
316 2679 436 2744 XXIX
458 2680 500 2745 53
523 2677 688 2744 Oceanum
710 2678 905 2759 alloquitur:

613 2784 652 2844 tu
674 2779 778 2845 fessos
801 2785 920 2845 exacta
941 2780 1015 2845 luce
1037 2779 1166 2862 iugales

432 2880 557 2962 proluis
579 2880 678 2962 inque
701 2886 758 2946 tuo
780 2882 948 2963 respirant
970 2882 1081 2948 sidera
1100 2881 1211 2947 fluctu.

234 3048 348 3119 proptia
365 3047 413 3101 der
428 3046 512 3102 sacar
526 3048 599 3102 Rom
616 3066 642 3118 p.
655 3050 688 3102 31
707 3050 769 3105 adn.
782 3051 812 3117 23
831 3050 894 3105 vide
912 3051 996 3105 etiam
1015 3051 1093 3106 Ovid.
1111 3052 1187 3106 Faat.
1205 3050 1282 3106 1246
1300 3056 1329 3106 et
1346 3066 1415 3105 com·

237 3140 419 3188 mentatorum
437 3133 535 3203 notas).
576 3134 675 3202 Itaque
693 3135 875 3189 Romanorum
899 3136 1052 3204 opinionem
1078 3137 1211 3204 audimus,
1235 3153 1296 3191 cum
1319 3136 1416 3191 lucifer

236 3219 357 3275 oriturus
375 3219 404 3273 in
422 3219 508 3274 hortis
526 3219 595 3274 Solis
613 3237 701 3275 comas
717 3237 815 3276 ornans
834 3221 943 3276 dicatur
954 3238 971 3274 a
984 3222 1140 3292 Claudiano,
1158 3238 1184 3276 v.
1197 3238 1280 3290 supra
1297 3238 1361 3291 pag.
1373 3221 1416 3276 30.

236 3305 397 3375 Neglegunt
415 3321 479 3359 vero
496 3310 601 3375 poetae,
619 3305 667 3373 qui
684 3306 734 3360 hac
751 3307 780 3360 in
798 3322 827 3360 re
845 3307 945 3375 passim
963 3307 1079 3362 Graecos
1097 3307 1184 3362 secuti
1202 3311 1275 3375 aunt,
1294 3308 1329 3361 ad
1346 3307 1417 3362 hanc

236 3390 386 3459 simplicem
405 3389 598 3459 cogitationem
621 3392 749 3447 alludere.

326 3476 344 3546 ¹)
363 3475 491 3530 Conferas
509 3476 593 3530 etiam
611 3477 794 3531 narrationem
819 3476 896 3531 illam
920 3478 952 3532 dc
976 3476 1057 3532 atella
1075 3477 1185 3535 Christi,
1210 3493 1280 3545 quae
1303 3479 1417 3546 puerulo

236 3560 334 3616 similis
348 3561 438 3630 magis
450 3560 607 3630 apparebat,
626 3562 699 3630 apud
711 3562 909 3618 Mdnterum
921 3563 982 3616 Der
994 3563 1075 3616 Stcra
1093 3562 1142 3616 der
1157 3562 1273 3630 Weieea,
1290 3563 1418 3618 Hauniae

237 3646 305 3700 1857
322 3663 386 3716 pag.
405 3645 449 3700 30.

324 3731 344 3801 ²)
363 3731 425 3784 Huc
443 3731 568 3799 quadrat,
587 3747 649 3785 cum
667 3747 868 3799 nonnumquam
881 3749 984 3788 sorores
1000 3733 1125 3788 dicantur
1143 3734 1247 3802 stellae,
1265 3749 1292 3788 v.
1305 3734 1417 3788 Anthol.

237 3817 286 3872 lat.
307 3817 366 3871 edd.
385 3816 416 3871 F.
434 3816 607 3871 Blicheler
625 3824 654 3871 et
670 3817 772 3871 Riese
790 3818 804 3871 I
820 3832 847 3885 p.
864 3817 916 3871 370
934 3817 966 3871 dc
982 3819 1081 3872 stellis:

443 3900 520 3955 milia
537 3902 679 3955 conclusae
697 3902 774 3956 domo
792 3902 841 3956 sub
859 3919 915 3956 una
938 3919 1075 3958 sorores

444 3985 556 4039 minima
573 4003 626 4041 non
645 3986 741 4041 crescit
760 3987 844 4042 maior
861 4003 910 4042 nec
928 4004 995 4042 aevo
1013 3989 1137 4044 senescit.

189 4107 190 4110 η
237 4071 368 4126 Feminae
386 4077 451 4126 sunt
468 4071 552 4140 Indis,
571 4088 597 4126 v.
616 4072 649 4125 A.
668 4072 900 4127 Hillebrandt
921 4073 1049 4130 Vcdiacte
1066 4075 1236 4146 Mptlmloqie
1254 4077 1269 4129 Ι
1285 4075 1344 4130 397.

326 4156 347 4225 ³)
366 4156 480 4212 Praeter
505 4157 620 4211 Graecos
639 4157 780 4212 Californii
803 4174 910 4226 quoqne
934 4159 962 4214 in
986 4159 1055 4214 hanc
1077 4160 1230 4228 opinionem
1254 4161 1418 4230 inciderunt,

238 4257 266 4296 v.
289 4241 315 4296 J.
340 4242 372 4296 G.
397 4242 522 4296 llldller
548 4241 705 4297 Gescltcltc
732 4242 779 4297 der
805 4243 918 4299 amerit.
950 4243 1104 4315 Urrclipa'on
1136 4262 1199 4315 pag.
1229 4247 1276 4314 l')3;
1309 4247 1419 4315 Tylor

239 4326 258 4380 l.
276 4326 294 4379 l.
312 4326 327 4379 Ι
345 4342 409 4395 pag.
427 4327 487 4380 343.
1052 4323 1056 4330 ’
