3278 4964
286 393 348 457 146
735 388 885 443 Guilelmus
904 387 1010 442 Gundel
1414 386 1468 473 [54

284 567 413 629 tantum
436 565 585 642 utuntur,
608 563 647 625 ut
670 564 798 640 tempus
822 557 995 623 definiant:
1020 561 1059 623 de
1075 557 1111 624 vi
1135 576 1256 623 arcana
1279 557 1343 638 ipsi
1366 558 1467 624 insita

284 684 347 731 non
371 664 545 746 cogitatur.
590 663 702 742 Neque
724 661 853 726 omnino
876 661 999 726 multae
1030 660 1199 742 opiniones
1230 679 1301 725 oum
1324 661 1467 727 Arcturo

284 785 427 833 conexae
449 765 673 831 inveniuntur.
710 764 793 828 Nam
809 765 850 828 ad
865 763 972 844 frigus
989 763 1025 828 in
1040 762 1165 828 arcturi
1181 767 1297 828 exortu
1312 767 1467 829 naturam

285 869 455 935 domInans
478 867 686 932 referendum
711 871 769 946 est,
792 868 877 946 quod
898 865 1027 930 Plinius
1049 870 1164 946 puteos
1188 865 1276 930 circa
1299 870 1467 931 arcturum

284 972 393 1053 rigere
417 969 498 1034 nteit
521 970 608 1050 (Nat.
624 968 700 1033 hist.
717 968 837 1032 XXXI
856 969 920 1050 50),
944 969 1028 1048 quod
1049 971 1219 1048 poetarum
1242 986 1389 1034 sermone
1412 987 1466 1034 ex-

285 1073 409 1154 pressit
431 1070 629 1137 Claudianus
651 1071 802 1136 XXXVI
824 1072 903 1136 225:
925 1090 1020 1133 omno
1042 1090 1096 1133 occ
1115 1072 1233 1134 iratum
1256 1072 1384 1134 itmeaut
1405 1073 1467 1134 cir·

284 1176 375 1256 palto
403 1174 530 1237 Booten.
577 1173 656 1238 Cum
686 1178 796 1238 autem
826 1172 936 1253 pridie
965 1172 1006 1236 id.
1030 1172 1119 1254 Sept.
1149 1178 1340 1238 exereretur
1370 1172 1466 1257 (Plin.

285 1278 360 1342 Nat.
383 1277 460 1342 hist.
484 1276 535 1340 XI
556 1278 619 1359 41),
650 1280 785 1357 propter
806 1275 935 1340 illorum
966 1275 1091 1339 dierum
1123 1280 1250 1340 aestum
1280 1294 1352 1340 eum
1379 1276 1466 1342 vites

286 1380 438 1460 oleasque
460 1396 597 1444 exurere
617 1379 780 1458 putabant
804 1377 899 1460 (Plin.
916 1378 989 1442 Nat.
1011 1376 1087 1442 hist.
1107 1378 1225 1443 XVIII
1247 1377 1330 1462 287),
1353 1376 1466 1444 favere

286 1487 396 1547 autem
419 1481 508 1547 melli
531 1480 657 1546 ericaeo
681 1480 778 1565 (Plin.
794 1481 868 1545 Nat.
888 1480 963 1545 hist.
983 1480 1034 1544 XI
1051 1481 1105 1564 41)
1128 1484 1163 1546 et
1185 1481 1253 1546 oleo
1278 1481 1329 1561 (ib.
1345 1479 1410 1546 XV
1425 1481 1466 1565 9).

284 1584 395 1649 Etiam
419 1586 503 1665 quod
534 1584 620 1648 idem
642 1583 770 1648 Plinius
800 1583 904 1648 tradit
939 1582 992 1666 (ib.
1015 1583 1066 1647 XI
1090 1584 1164 1663 102)
1194 1582 1319 1648 arcturi
1349 1601 1466 1649 occasu

286 1686 380 1769 effici,
403 1691 441 1752 ut
462 1687 662 1752 locustarum
685 1688 792 1750 altera
815 1686 921 1766 proles
947 1704 1057 1751 annua
1079 1689 1280 1766 nasceretur,
1309 1704 1373 1750 non
1394 1690 1465 1750 tam

285 1788 514 1869 superstitioni
537 1808 634 1867 quam
651 1792 789 1852 naturae
809 1787 1034 1853 observationi
1056 1787 1189 1852 videtur
1212 1787 1332 1869 deberi,
1355 1791 1465 1853 utrum

285 1909 305 1955 a
325 1891 461 1955 GraecIs
483 1910 524 1955 an
548 1890 703 1955 Romanis
726 1890 838 1955 factae
861 1889 1003 1955 dubium.

371 1994 481 2073 Atque
518 1993 600 2056 haec
637 1992 767 2071 quidem
804 1993 961 2056 hacteuus
1006 1994 1046 2056 de
1084 1991 1290 2072 opinionibus
1329 1992 1465 2057 Arcturi

284 2093 421 2160 orientis
437 2099 471 2159 et
490 2094 667 2159 occidentis
682 2095 913 2160 observatione
929 2094 1025 2159 uatis.
1069 2094 1140 2159 Iam
1163 2094 1337 2159 dicendum
1353 2099 1406 2159 est
1422 2096 1463 2160 de

284 2196 460 2261 sententiis
479 2197 521 2261 ad
537 2196 774 2276 appellationes
791 2197 861 2261 eius
885 2196 1016 2262 additis.
1060 2197 1261 2278 Quicumque
1276 2215 1349 2261 eum
1364 2214 1464 2262 ursae

283 2301 449 2364 custodem
474 2299 695 2380 appellabant,
717 2300 778 2363 hoc
800 2299 978 2378 faciebant,
1002 2298 1078 2377 quia
1101 2298 1191 2364 sidus
1215 2298 1298 2363 illud
1320 2299 1463 2379 splendi-

284 2400 453 2466 dissimum
468 2401 564 2466 iuxta
580 2401 722 2466 emicans
743 2420 822 2467 ursa
838 2401 1081 2483 appellabatur.
1118 2402 1228 2480 Atque
1243 2403 1464 2480 quaerendum

283 2508 343 2586 est,
365 2508 475 2569 utrum
506 2503 541 2568 hi
564 2505 603 2568 de
633 2506 765 2569 custode
795 2506 931 2584 quodam
962 2502 1199 2585 cogitaverint,
1230 2503 1286 2582 qui
1315 2522 1357 2568 ne
1385 2521 1463 2568 ursa

283 2608 450 2689 evaderet,
472 2606 599 2687 positus
622 2611 718 2687 esset,
742 2626 785 2670 an
807 2609 847 2671 de
870 2608 1011 2688 custode,
1038 2605 1094 2686 qui
1116 2624 1250 2688 gregem
1272 2611 1462 2686 pascentem

284 2710 326 2772 ab
349 2726 428 2772 ursa
452 2708 641 2773 custodiret.
685 2707 890 2788 Ubicumque
913 2712 1044 2773 ueteres
1067 2708 1233 2788 expressis
1255 2707 1367 2774 verbis
1390 2726 1462 2773 sen-

282 2808 424 2873 teutiam
440 2826 533 2873 suam
549 2809 672 2890 dicunt,
695 2815 803 2874 custos
819 2815 870 2874 est
893 2828 1009 2891 ursam,
1031 2828 1093 2874 non
1111 2828 1252 2892 gregem,
1268 2810 1462 2875 custodiens.

283 2909 376 2975 Dicit
391 2910 475 2974 enim
493 2910 604 2975 Cicero
621 2913 714 2975 Anat.
729 2910 824 2994 frgm.
841 2913 890 2994 16,
908 2914 925 2975 1
942 2930 1095 2992 graecum
1114 2931 1208 2977 suum
1229 2918 1394 2978 auctorem
1413 2931 1463 2978 se·

282 3017 378 3076 cutus
391 3013 654 3094 arctophylacem
665 3031 736 3078 esse
749 3013 950 3095 appellatum
962 3013 1044 3094 quod
1055 3016 1146 3094 quusi
1156 3020 1271 3077 temone
1282 3015 1463 3078 adiunctum

278 3133 359 3196 prae
369 3133 400 3176 se
415 3116 516 3194 quatit
527 3134 643 3198 ursam,
659 3134 794 3195 quocum
805 3119 1009 3196 posterorum
1021 3117 1201 3198 complures
1215 3116 1460 3200 consentiunt.1)

283 3216 347 3282 Sed
363 3220 401 3282 ut
415 3216 522 3281 dicam
538 3218 622 3297 quod
635 3236 694 3298 ego
708 3218 829 3284 sentIo:
845 3220 928 3284 haec
943 3218 1051 3299 opinio
1068 3218 1276 3285 artificiosior
1291 3225 1348 3299 est,
1365 3237 1461 3300 quam

279 3319 423 3400 quaein
446 3319 578 3386 rudiore
601 3322 708 3386 adhuc
730 3327 828 3403 gente
850 3322 942 3387 nasci
964 3321 1145 3404 potuerit‚²)
1176 3322 1372 3402 praesertim
1394 3321 1462 3386 illis

281 3421 492 3507 temporibus
523 3442 584 3503 quo
615 3423 752 3512 Arcturi
781 3425 910 3490 nomine
940 3424 1070 3489 stellam
1101 3443 1165 3489 non
1195 3424 1285 3490 sidus
1316 3425 1462 3506 appella·

282 3526 470 3610 00ιί1003)>
490 3531 560 3591 tum
588 3526 674 3591 hanc
709 3546 806 3592 cunam
836 3527 966 3592 stellam
996 3527 1199 3607 splendidam
1234 3546 1293 3608 pro
1328 3527 1462 3593 custode

280 3628 436 3693 babuisse
463 3629 604 3694 Graecos
633 3629 834 3710 putaverim,
868 3629 1014 3710 reliquas
1052 3649 1129 3696 uero
1168 3630 1312 3695 eiusdem
1343 3628 1461 3695 sideris

279 3730 395 3796 stellas
416 3749 475 3811 pro
498 3750 608 3814 grege,
630 3750 725 3811 quem
749 3737 900 3797 arcturus
924 3734 965 3797 ab
986 3751 1063 3797 ursa
1085 3733 1330 3817 custodiebat.⁴)

368 3935 387 4002 1)
407 3951 432 3988 v.
452 3935 500 3989 ov.
519 3935 594 3988 uase.
613 3934 725 4002 11190;
744 3936 847 4005 Hygtn.
866 3936 941 3990 Aser.
960 3936 1038 4004 114;
1058 3937 1152 3990 usum.
1172 3937 1215 3989 111
1233 3935 1275 4006 uo,
1294 3935 1318 3992 a.
1344 3921 1346 3924 ’

369 4019 389 4086 Ξ)
407 4021 561 4074 Buttmann
579 4021 596 4073 l.
616 4037 636 4074 c.
656 4037 681 4088 p.
700 4020 747 4074 28:
773 4021 834 4074 Dor
852 4021 963 4090 Bepriff
982 4021 1054 4075 elaea
1077 4021 1265 4075 Beireubiiters
1291 4021 1331 4076 ist
1352 4021 1462 4089 frcilicb

278 4103 343 4156 lucia
367 4119 396 4156 ao
420 4105 592 4159 acttblc'cbcr
615 4122 667 4160 aus
688 4105 749 4160 dem
772 4106 929 4161 coirtlc'cbeu
946 4106 1036 4161 chea
1059 4122 1249 4177 peuommeaer
1272 4107 1322 4161 acie
1346 4106 1394 4160 dcc·
1416 4106 1462 4160 dea

285 4188 510 4243 chseatrcibcre.
719 4191 738 4259 8)
758 4209 783 4247 u.
802 4209 823 4246 s.
842 4209 905 4261 pag.
924 4193 966 4246 48.

366 4273 388 4342 Δ)
407 4274 495 4328 Simili
513 4276 589 4330 modo
607 4277 622 4328 ὁ
641 4273 829 4347 planella}
847 4278 930 4347 (Plut.
949 4294 1014 4332 mor.
1033 4293 1097 4346 pag.
1110 4277 1171 4345 700)
1188 4293 1242 4332 non
1268 4277 1395 4344 custodIt,
1414 4276 1462 4330 sed

276 4358 408 4413 observat
426 4360 594 4428 grandinem.
